2546 4016
364 285 472 333 merca
495 287 646 334 srucrxus
668 289 750 334 runis
773 287 927 335 canonici.
1054 271 1107 336 ru

173 417 358 492 externata,
379 415 413 476 id
436 420 483 478 est
504 418 600 497 signis
620 424 675 480 aut
692 418 796 478 verbis
815 418 1023 480 manifestata.
1048 419 1110 480 Sed

173 509 288 585 verba,
306 509 412 587 prouti
432 510 537 589 signa,
555 515 627 572 sunt
646 511 897 572 conventionalia
911 531 948 571 ex
963 514 1109 573 contextu

173 602 350 680 loquentis,
373 605 458 663 etex
471 604 593 683 vulgari
614 623 673 664 usu
688 604 946 682 significationem
969 604 1106 683 capiunt.

175 693 308 755 Accedit
321 695 407 773 quod
420 695 445 755 si
457 695 618 774 legislator
630 697 669 757 ab
680 696 739 756 hac
753 714 863 756 norma
873 697 1106 774 praescinderet,

174 787 279 865 legem
295 788 446 849 conderet
465 787 739 868 inintelligibilem,
755 806 810 849 scu
828 789 902 850 satis
916 789 1109 852 voluntatem

173 898 267 940 suam
287 897 350 940 non
370 881 602 957 manifestaret,
620 881 754 960 ideoque
776 881 824 940 lex
844 881 876 940 in
895 900 952 941 sua
970 882 1109 959 promul-

174 972 303 1052 gatione
319 972 477 1035 deficeret.

215 1065 283 1126 Vll.
301 1067 347 1124 Ex
366 1065 426 1126 hoc
440 1067 636 1129 theoremate
658 1067 719 1128 tria
737 1070 908 1128 naseuntur
923 1065 1105 1128 corollaria:

216 1160 271 1218 1⁰¹⁰
285 1158 398 1218 Coroll.
416 1160 499 1238 Ergo
514 1159 670 1238 generalis
684 1161 733 1220 vel
748 1160 910 1221 indefinita
921 1159 1107 1239 legislatoris

174 1250 293 1312 locutio
322 1251 489 1330 aequivalet
516 1252 743 1314 enumerationi
772 1252 911 1314 omnium
939 1252 1108 1331 particula-

174 1344 258 1404 rium
274 1362 345 1423 quae
363 1345 422 1404 sub
439 1344 492 1405 illa
508 1345 648 1424 generali
666 1344 823 1406 locutione
846 1345 1104 1424 complectuntur.

175 1437 233 1497 Hic
248 1436 333 1497 enim
348 1438 522 1498 communis
537 1439 649 1499 modus
663 1437 812 1518 loquendi
828 1441 884 1498 est.

214 1529 307 1592 Unde
327 1529 421 1591 datur
437 1531 568 1610 intelligi
591 1531 651 1592 hoc
673 1530 819 1592 axioma:
836 1530 888 1592 oct
907 1532 955 1591 lex
975 1549 1031 1590 non
1050 1529 1106 1590 dr's-

176 1623 302 1702 tinguit,
319 1641 370 1682 nec
384 1643 435 1682 nos
452 1643 509 1683 non
527 1622 705 1704 distinguere
724 1622 866 1684 debemus.
884 1625 962 1683 Item
976 1613 1106 1705 haere

174 1715 251 1796 gula
263 1735 269 1775 :
284 1715 399 1796 quondo
412 1716 527 1797 aliquid
531 1716 718 1797 prohibetor,
725 1714 921 1796 prohibentor
932 1713 1028 1774 omnio
1039 1731 1106 1794 quic

174 1816 336 1889 sequnntur
349 1828 386 1870 ea·
400 1809 461 1871 illc.

215 1906 271 1962 2⁰¹³
286 1903 398 1964 Caroli.
419 1903 550 1976 Quande
569 1903 666 1964 verba
689 1903 766 1983 legis
788 1902 906 1963 directo
926 1904 1106 1981 proponunt

176 1987 316 2073 aliquam
331 1997 556 2075 exceptionem,
574 1997 725 2058 indirecto
740 1998 867 2057 firmant
880 1984 1033 2074 regulam.
1048 1995 1103 2054 llx-

176 2087 279 2166 ceptio
295 2088 379 2148 enim
394 2089 512 2168 regulae
531 2089 664 2151 relativa
681 2093 727 2151 est
744 2108 875 2174 eamque
895 2088 1058 2167 supponit,
1076 2090 1107 2147 et

176 2181 303 2260 quando
321 2181 464 2242 homines
480 2181 617 2260 aliquam
636 2183 849 2262 exceptionem
863 2181 995 2258 faciunt,
1012 2198 1105 2258 regu-

174 2274 238 2334 lam
261 2275 453 2355 caeteroquin
475 2276 670 2336 confirmant.
692 2276 782 2337 Unde
806 2274 866 2336 hoc
886 2275 1009 2336 axioma
1030 2294 1036 2335 :
1055 2291 1104 2334 ec-

174 2365 268 2446 ceptie
281 2367 385 2447 firmet
399 2368 530 2448 rapulam
538 2387 597 2448 pro
612 2368 722 2437 roribus
734 2387 791 2428 non
805 2367 941 2448 acceptis.

214 2461 270 2520 3¹¹m
284 2460 397 2521 Coreli.
417 2461 523 2522 Verba
541 2461 728 2540 legislatoris
748 2479 810 2522 non
828 2463 899 2521 suut
912 2463 977 2520 tam
992 2458 1105 2519 intelli-

174 2553 280 2631 genda
296 2553 470 2613 secundum
487 2555 712 2633 proprietatem
730 2557 761 2614 et
777 2553 965 2633 elegantiam
982 2551 1105 2629 liugua-

174 2664 246 2706 rum
265 2665 360 2726 quam
382 2647 555 2707 secundum
578 2651 693 2709 statum
713 2646 828 2728 linguae
849 2646 931 2709 illius
954 2643 1104 2722 temporis

176 2758 237 2818 quo
263 2739 423 2819 legislator
450 2740 647 2820 loquebatur.
677 2745 818 2822 Namque
847 2739 916 2801 usui
945 2737 1102 2800 communi

174 2833 375 2912 praesumitur
389 2852 456 2894 sese
472 2837 611 2912 aptasse,
626 2838 660 2896 ut
675 2855 694 2896 a
709 2834 931 2896 communitate
950 2831 1104 2910 intellige-

174 2929 270 2987 retur.
294 2927 491 3006 Quapropter
512 2926 673 3006 interpreti
693 2947 756 2989 non
777 2930 842 2988 tam
862 2925 1038 2988 necessaria
1057 2926 1103 2983 est

175 3037 285 3097 graece
300 3023 331 3080 et
342 3019 446 3080 latinae
459 3020 622 3098 elegantia
635 3021 755 3098 notitia,
766 3039 861 3100 quam
871 3017 980 3080 notitia
989 3014 1101 3075 mediae

174 3111 223 3171 vel
249 3111 363 3172 innmae
392 3113 560 3190 graecitatis
594 3117 648 3175 aut
673 3113 851 3190 latinitatis,
875 3109 1029 3190 siquidem
1049 3106 1101 3187 jus

175 3204 370 3282 canonicum,
388 3206 472 3285 qued
489 3206 525 3266 iis
540 3205 654 3286 linguis
672 3206 867 3285 potissimum
887 3205 1023 3279 constat,
1037 3220 1100 3262 non

175 3315 209 3358 eo
225 3302 366 3376 tempore
386 3299 504 3360 editum
526 3303 574 3362 est
595 3319 656 3380 quo
676 3299 803 3379 vigebat
823 3315 927 3378 graeca
950 3299 981 3358 et
1002 3297 1100 3358 latina

174 3391 346 3470 elegantia,
364 3393 420 3453 sed
433 3392 537 3471 potius
552 3393 678 3473 quaudo
693 3393 760 3452 istae
774 3392 889 3472 linguae
904 3389 1007 3452 varias
1025 3390 1099 3449 sub-

173 3481 273 3546 ierant
286 3487 463 3564 temporum
477 3485 715 3548 vicissitudines
