2484 4016
180 353 238 416 292
389 363 618 414 msrrrouonas
639 363 721 412 rums
743 362 898 414 oenomai.

143 570 147 577 .
181 510 400 592 conjugiorum
415 529 522 588 causa,
541 510 697 590 siquidem
711 509 901 572 matrimonii
915 511 1038 573 ratione
1056 507 1118 574 ho-

180 605 279 665 mines
289 603 479 665 considerati
490 603 542 664 alii
555 603 680 664 caelibes
693 608 776 681 sunt,
788 604 840 664 alii
849 603 1019 684 conjugati.
1032 608 1119 667 Gon-

178 696 302 777 jugium
327 712 401 757 vero
423 700 455 758 st
474 695 577 774 ipsum
603 713 711 756 semen
735 696 795 757 fuit
816 698 847 758 et
865 697 953 776 origo
975 697 1119 776 plurium

182 790 376 852 diversarum
390 789 577 850 relationum
589 788 762 865 sodalium,
779 807 892 868 nempe
906 790 964 850 viri
979 791 1020 851 ad
1035 809 1120 852 uxo-

182 901 260 960 rem,
272 882 378 943 uxoris
392 882 559 958 advirum,
576 884 742 959 parentum
757 881 789 942 in
802 882 928 959 liberos
942 883 1122 945 liberorum

181 976 214 1037 in
234 979 391 1055 parentes.
403 977 459 1035 Hae
477 974 639 1036 naturales
653 974 869 1036 distinctiones
883 975 933 1035 vel
947 975 1123 1038 relationes

183 1069 357 1144 hominum,
382 1070 536 1146 quantum
551 1067 669 1129 fuerint
683 1073 803 1128 naturae
822 1067 898 1128 vitio
920 1068 1120 1148 degradatae,

184 1180 292 1224 omues
306 1161 422 1234 sciuut;
442 1160 599 1238 siquidem
614 1160 776 1222 delibatus
786 1164 926 1222 retentus
937 1160 995 1222 luit
1009 1161 1042 1221 in
1056 1161 1125 1222 im-

183 1254 270 1334 perio
285 1270 428 1328 romano,
445 1285 486 1296 -
508 1252 593 1332 quod
617 1256 722 1314 tamen
743 1254 949 1332 praecaeteris
971 1254 1125 1334 gentihus

184 1347 339 1428 majorem
363 1345 546 1407 civilitatem
566 1344 718 1425 jactabat,
735 1379 778 1392 -
793 1350 946 1426 tanquam
960 1347 1000 1407 ad
1015 1347 1125 1409 lihidi-

186 1459 259 1502 nem
278 1439 380 1518 magis
404 1439 673 1500 accommodatus.
699 1439 775 1500 lude
802 1457 951 1519 eousque
967 1441 1127 1519 processit

186 1534 297 1595 vitium
311 1534 346 1594 ut
359 1530 525 1592 debuerint
542 1531 628 1610 leges
646 1532 777 1610 praemia
787 1550 844 1611 pro
859 1532 1030 1595 liberorum
1044 1552 1128 1613 pro-

187 1625 345 1688 creatione
361 1623 479 1686 civibus
489 1641 677 1703 proponere.

228 1719 385 1780 Naturalis
404 1717 607 1797 superioritus
622 1719 721 1797 patris
739 1720 772 1780 in
785 1719 912 1797 liberae,
929 1719 986 1782 viri
996 1721 1028 1782 iu
1042 1740 1128 1786 uxo-

188 1831 268 1890 rem,
291 1812 377 1894 quod
395 1830 504 1873 omnes
525 1815 692 1890 noverunt,
720 1812 753 1874 in
767 1813 966 1891 tyrannicum
977 1814 1030 1894 jus
1048 1829 1128 1879 eva·

189 1911 291 1984 serat,
313 1906 355 1967 ita
379 1909 413 1968 ut
432 1923 512 1966 uxor
536 1907 568 1968 et
583 1905 672 1966 liberi
696 1910 848 1986 tanquam
867 1925 917 1968 res
937 1906 1035 1970 hahiti
1058 1909 1128 1973 sint
1233 1939 1234 1985 i

183 2000 274 2095 ‘omni
285 1999 506 2080 personalitate
518 2004 673 2060 carentes.
682 1999 775 2060 Nulla
783 1998 955 2080 conjugum
960 1999 1034 2080 jura
1043 2002 1128 2063 reoi-

190 2112 298 2174 proca,
314 2097 375 2155 etc.

233 2185 295 2248 Sed
309 2186 358 2247 hae
371 2186 586 2248 distinctiones
602 2189 691 2247 eraut
712 2187 883 2249 naturales.
896 2190 956 2249 Per
969 2187 1129 2251 influxum
1232 2181 1233 2200 ³

191 2282 297 2341 autem
311 2277 420 2359 gratiae
440 2278 506 2356 Dei,
529 2279 618 2360 eujus
640 2282 764 2341 estnon
780 2281 941 2342 destruere
957 2281 1012 2343 sed
1028 2283 1127 2360 parfi-

192 2378 434 2450 emanaturam,
450 2372 508 2434 has
528 2391 636 2434 omues
650 2371 818 2435 relationes
827 2373 899 2454 jure
913 2375 1128 2438 ecclesiastico
1231 2443 1232 2450 χ

191 2467 236 2528 ita
250 2471 384 2546 receptae
404 2470 477 2528 suut
491 2469 526 2527 ut
548 2467 581 2526 iu
600 2483 691 2527 suam
704 2466 889 2544 primaevam
903 2468 1036 2529 formam
1057 2487 1130 2530 res-

191 2565 403 2637 taurarentur,
421 2564 452 2621 et
475 2559 507 2619 in
529 2559 625 2619 finem
652 2564 777 2620 aeternae
803 2560 912 2622 salutis
939 2561 1130 2622 reviviscere

193 2656 328 2733 possent.
342 2655 517 2732 Utrumque
532 2654 661 2728 statum,
676 2651 741 2713 sive
754 2653 927 2732 caelibatus,
939 2653 1004 2715 sive
1014 2653 1130 2733 conju-

194 2745 248 2826 gii,
265 2746 383 2823 recepit
397 2745 554 2818 Ecclesia;
571 2747 740 2824 utrumque
753 2747 886 2807 asseruit
904 2750 1054 2826 tanquam
1068 2763 1131 2826 cp·

193 2840 306 2902 timum
320 2857 376 2917 pro
392 2838 517 2899 diversa
537 2837 714 2915 vocatione,
736 2838 792 2898 sed
808 2839 986 2902 caelihatum
1006 2839 1130 2918 periec-

194 2933 307 2996 ticrem
317 2931 349 2992 in
364 2949 490 3010 genere,
507 2930 582 3010 quia
596 2929 726 2992 liberius
742 2931 856 2993 divinae
871 2931 1128 3011 contemplationi

195 3043 309 3088 vacare
323 3027 426 3104 potest
437 3043 445 3097 ;
458 3023 639 3103 conjugium
658 3042 734 3085 vero
752 3026 963 3086 necessarium
978 3029 1013 3086 ut
1027 3025 1128 3086 socie·
1229 3014 1230 3033 ¹

194 3126 255 3197 tas,
272 3119 335 3180 imo
350 3119 419 3196 ipsa
430 3115 571 3178 Ecclesia
581 3135 618 3176 ex
629 3119 719 3194 parte
734 3118 867 3178 naturali
882 3111 1123 3198 propagaretur.

235 3215 267 3273 3⁰
288 3211 358 3272 Alia
372 3209 529 3272 distinctio
541 3208 612 3289 jure
627 3209 762 3270 naturali
777 3212 809 3270 et
822 3211 963 3290 gentium
975 3212 1057 3272 inter
1067 3209 1130 3271 ho·
1228 3247 1229 3292 p

196 3304 297 3364 mines
312 3307 380 3364 orta
395 3309 442 3362 est
454 3321 492 3362 ex
510 3301 669 3378 servitute,
689 3319 759 3381 quae
780 3303 907 3381 quidem
931 3321 969 3364 ex
992 3302 1129 3365 naturali

195 3394 405 3472 inaequalitate
420 3394 605 3456 facultatum
626 3399 657 3454 et
678 3395 888 3456 dominiorum
902 3399 972 3458 orta
987 3400 1043 3457 est.
1062 3395 1128 3456 Sed
1227 3441 1228 3446 ,

197 3492 349 3564 quantum
357 3485 432 3546 vitio
446 3486 610 3546 hominum
620 3486 714 3548 fuerit
723 3492 881 3564 corrupta,
893 3489 1019 3566 seimus,
1031 3488 1128 3567 siqui-

197 3575 270 3645 dem
281 3575 364 3638 servi
373 3579 582 3662 tanquamrss
596 3578 715 3658 domiui
730 3578 1019 3664 considerabantur,
1033 3582 1078 3646 ita
1090 3583 1131 3680 ut
