2512 4012
373 275 412 318 nn
434 275 563 320 orrnoro
583 276 666 320 rnnls
693 275 847 322 onnonrcr.
1018 263 1076 325 1811

144 419 227 480 tonte
240 417 416 479 dimanant.
433 418 604 496 Propterea
617 437 679 480 non
692 419 849 498 pertinent
862 420 903 481 ad
919 419 1001 482 hono
1013 421 1077 482 hie-

146 512 303 573 rerohinm
313 510 421 571 divine
435 510 639 590 institutione,
650 512 709 574 nisi
721 513 753 573 in
767 517 918 594 qnantum
932 515 1078 594 qnaednm

145 606 247 667 officia
263 603 428 664 ministerii
450 604 620 665 diaconalis
642 624 699 684 per
722 606 964 668 ecelesiasticam
986 607 1079 670 disei-

145 699 264 778 plinem
278 697 339 757 illis
358 697 547 760 tribuuntur.
573 699 662 760 Unde
683 699 709 760 si
729 698 821 778 hujus
844 699 929 761 modi
954 701 1078 762 ordines

146 790 324 853 diaconatui
340 789 501 851 inferiores
512 792 715 853 sumenturin
729 811 785 853 sno
794 794 966 872 respectivo
977 795 1078 874 gradu

147 882 366 960 determinato,
383 888 417 945 ut
430 884 474 943 sie
489 902 550 945 non
565 884 678 945 divinae
698 885 753 945 sed
773 885 919 946 humente
939 890 1011 948 sunt
1031 886 1079 947 in-

146 976 326 1039 stitutionis.
345 975 407 1037 Sed
419 976 444 1036 si
454 976 487 1036 in
501 976 609 1037 ordine
624 982 790 1039 sumentur
808 978 848 1038 ed
872 978 1077 1040 ministerium

147 1072 262 1150 dequo
284 1068 481 1147 participent,
498 1087 552 1130 eos
574 1069 722 1132 divinitus
739 1070 895 1132 institutos
918 1071 1079 1133 fotendum

146 1168 200 1224 ost.
218 1165 308 1224 Unus
323 1165 428 1222 antem
441 1163 558 1240 gradus
571 1167 654 1223 oerte
670 1162 783 1224 divinae
797 1163 1000 1228 institutionis
1020 1168 1076 1240 est,

145 1256 194 1316 ille
218 1273 333 1333 nempe
358 1253 409 1333 qni
432 1254 587 1333 integram
611 1255 706 1316 habet
729 1256 891 1318 ministerii
909 1257 1077 1334 rationem,

146 1348 264 1409 soilioet
283 1347 476 1408 diaconatus.
505 1349 544 1409 m
564 1347 632 1408 haeo
656 1349 695 1408 de
715 1367 845 1410 numero
870 1350 1027 1430 graduum
1048 1350 1079 1410 in

147 1439 357 1502 ecclesiastiea
370 1439 547 1500 hierarchia
568 1440 652 1501 diota
670 1441 835 1503 sufficient.
852 1444 940 1504 Nnno
956 1443 994 1503 de
1012 1443 1081 1504 illo-

147 1552 217 1594 rum
232 1531 409 1593 differentis
424 1531 639 1594 disserendum
651 1539 707 1596 est.

393 1693 423 1727 ΙΙ.
434 1691 468 1729 οο
479 1695 572 1730 tnmu
583 1697 696 1740 crudum
705 1695 840 1732 dil-milo.

188 1814 239 1874 lv.
257 1811 438 1872 Differentin
456 1812 613 1891 graduum
628 1811 790 1891 potestatis
808 1811 925 1872 ordinis
947 1810 1081 1870 desumi-

148 1911 198 1966 tur
218 1924 258 1965 ex
281 1904 406 1965 diverse
431 1903 614 1965 habitudine
637 1923 730 1985 quam
755 1903 868 1983 singuli
890 1905 1017 1964 servant
1041 1904 1082 1964 ed

148 2000 416 2059 sacramentorum
445 1997 663 2074 ministerium,
683 1998 767 2078 qnod
795 1996 888 2076 hujus
920 1995 1082 2076 potestatis

149 2090 307 2171 objectum
329 2093 386 2151 est.
409 2091 492 2169 Ergo
515 2090 540 2151 si
563 2089 804 2151 determinatum
824 2090 918 2151 fuerit
939 2089 1031 2169 quode
1052 2092 1084 2149 et

149 2187 302 2264 qnantum
312 2182 441 2261 singulis
452 2186 609 2261 competet
618 2200 779 2244 sacrorum
788 2181 1084 2262 ministerium,jem

150 2275 326 2336 differentia
339 2275 499 2336 veriorum
513 2275 669 2354 graduum
682 2275 741 2336 erit
753 2275 970 2336 determinate.
986 2277 1083 2336 Porro

150 2368 579 2430 sacrementaelindionntnr
592 2368 624 2428 in
651 2367 765 2447 speeie,
792 2368 853 2428 olio
876 2371 1084 2428 sacramento-

148 2462 199 2523 lia.
214 2462 301 2522 Inter
315 2464 510 2522 sacramento
524 2460 650 2540 proprie
661 2460 745 2520 diota
761 2478 859 2520 unum
874 2460 1018 2521 omnibus
1032 2479 1085 2521 ex-

150 2553 312 2616 cellentius
335 2553 479 2630 hebetur,
507 2552 703 2614 Eucharistie
729 2569 852 2630 nempe,
879 2570 941 2612 non
961 2555 1083 2614 tentum

151 2647 225 2726 qnia
250 2649 519 2708 sacramentorum
546 2646 685 2708 eontinet
710 2649 881 2720 enotorem,
913 2644 969 2704 sed
991 2643 1084 2704 etiem

152 2739 227 2819 quio
251 2739 403 2820 majorem
438 2742 543 2800 servet
577 2739 720 2800 ordinem
749 2737 789 2799 ad
821 2755 946 2799 snorum
977 2736 1085 2798 minis-

152 2831 277 2909 terium,
298 2831 453 2911 siqnidem
470 2831 600 2892 eotnnlis
616 2831 699 2892 illius
720 2831 872 2893 confectio
897 2829 1084 2892 sacrificium

152 2927 209 2985 est.

192 3016 257 3078 Sub
269 3016 382 3094 tripiici
394 3015 532 3096 generali
547 3019 691 3094 respectu
708 3015 898 3078 considerari
914 3017 1017 3094 potest
1029 3013 1085 3075 dii·

151 3108 284 3170 ferentia
293 3109 447 3187 graduum
457 3108 618 3188 potestatis
629 3107 757 3186 ordinis,
767 3126 880 3186 nempe
892 3110 922 3168 1⁰
932 3107 965 3166 in
976 3105 1085 3168 ordine

152 3201 193 3261 ad
217 3201 415 3278 sacrificinm,
442 3206 473 3262 2⁰
492 3202 524 3261 in
546 3201 655 3261 ordine
679 3200 719 3261 ed
744 3203 859 3262 oaetero
874 3204 1083 3278 sacramento,

151 3297 182 3353 3⁰
195 3294 227 3354 in
242 3294 350 3356 ordine
366 3295 406 3356 ed
417 3293 666 3356 soorementelie.

194 3389 230 3448 V.
248 3389 287 3448 nt
295 3387 429 3465 primum
452 3388 491 3447 de
507 3388 565 3447 hoo
579 3385 754 3447 differentia
771 3387 801 3446 io
821 3385 922 3448 ordene
940 3387 980 3447 od
998 3385 1086 3448 soeri-

153 3479 264 3560 ficium.
