2512 4012
156 241 215 299 200
364 251 595 297 msrrrurrouns
617 252 699 296 runis
723 251 878 295 01000101.

240 397 250 448 5
265 399 290 438 11.
305 407 336 438 nr
349 405 466 438 eunomus
479 405 521 446 qur
536 405 597 436 suun
611 405 642 436 rx
656 403 828 435 mormorion!
842 403 1022 437 nccnmrmrcu.
1043 394 1047 402 '

181 526 182 529 ¹
197 509 234 566 X.
256 507 334 566 Cum
347 505 417 564 dnae
430 503 621 565 tantnmsint
633 504 665 564 in
686 503 895 564 ecclesiastica
914 503 1095 565 hierarchia

157 598 324 677 dignitates
341 597 453 675 quibus
468 597 506 657 de
523 597 594 676 jure
610 597 714 657 divino
731 599 889 674 competat
899 595 1091 676 jurisdicti0‚

157 694 191 751 ut
210 709 304 768 supra
323 689 470 766 vidimus
490 693 600 768 sponte
616 689 757 768 sequitur
776 708 884 750 omnes
901 689 978 749 alios
994 689 1096 768 juris-

158 782 301 844 dictionis
325 783 441 860 gradns
465 783 516 861 qui
540 783 572 842 in
595 781 655 842 hac
675 781 851 842 hierarchia
876 781 1090 859 reperiuntur,

157 877 206 938 vel
222 877 260 935 de
271 894 333 936 uno
343 877 393 936 vel
405 876 442 935 de
454 875 513 936 alio
530 876 614 935 fonte
625 874 823 952 participare,
839 894 893 934 seu
905 875 989 954 quod
1003 873 1094 934 idem

157 973 218 1046 ost,
236 969 275 1029 ab
292 987 354 1028 uno
369 969 419 1029 rel
434 969 474 1028 ab
489 969 586 1028 altero
597 986 686 1028 suum
697 971 841 1028 mutuare
857 967 1091 1044 anctoritatem,

156 1063 205 1122 vel
219 1062 304 1122 illam
318 1063 545 1139 repraesentare
561 1061 746 1139 dignitatem
770 1060 857 1140 cujus
878 1063 1030 1138 tanquam
1043 1060 1094 1120 vi-

156 1154 230 1214 carii
249 1152 383 1212 habendi
399 1157 480 1214 sunt.

197 1249 392 1324 Quapropter
404 1246 497 1326 hujus
511 1247 596 1307 modi
612 1246 729 1326 gradus
745 1265 852 1306 omnes
866 1246 904 1306 ad
916 1246 994 1306 duas
1004 1245 1093 1324 prin-

157 1339 271 1417 cipales
286 1339 461 1416 categorias
471 1340 578 1399 reduci
593 1343 723 1418 possunt
741 1360 747 1400 :

196 1432 301 1492 Primo
316 1432 514 1511 amplectitur
531 1451 639 1492 omnes
651 1433 720 1493 illos
735 1432 852 1511 gradus
869 1430 1090 1492 ecclesiasticae

157 1525 315 1605 dignitatis
329 1525 381 1604 qui
398 1545 436 1610 ex
446 1545 509 1585 una
521 1529 610 1604 parte
619 1544 681 1587 non
696 1526 833 1586 habeant
846 1523 985 1584 divinam
999 1523 1093 1585 inst'-

155 1619 318 1694 tutionem,
336 1638 373 1678 ex
388 1619 604 1680 altercantem
619 1619 797 1678 dioecesano
814 1616 1006 1694 episcopatui
1025 1635 1091 1676 non

156 1711 371 1790 subjiciantur,
388 1711 439 1790 qui
451 1730 563 1790 nempe
574 1710 759 1771 traducendi
770 1713 844 1770 sunt
856 1712 1008 1787 tanquam
1017 1727 1091 1786 gra-

157 1805 214 1863 dus
237 1805 388 1882 delegatae
406 1823 461 1864 seu
483 1805 632 1865 derivatae
649 1802 843 1864 auctoritatis
864 1819 883 1861 a
903 1799 1090 1878 pontificatu

155 1897 307 1971 maximo,
329 1898 480 1973 tanquam
495 1897 626 1956 totidem
637 1895 753 1974 gradus
770 1893 1016 1972 repraesentativi
1031 1911 1089 1954 seu

154 1987 261 2046 vicarii
278 1987 398 2047 Summi
411 1987 580 2048 Pontificis

194 2078 349 2139 Adollam
372 2098 447 2140 vero
470 2079 662 2158 categoriam
677 2081 820 2158 spectant
839 2095 947 2138 omnes
970 2078 1089 2156 gradus

156 2170 373 2253 ecclesiasticae
398 2172 592 2233 auctoritatis
615 2171 684 2251 qui,
707 2190 779 2232 oum
799 2170 988 2250 coadjuvent
1008 2171 1088 2248 epis-

155 2281 232 2340 copo
246 2281 302 2340 pro
313 2263 491 2324 dioecesano
508 2253 659 2344 regimine
676 2268 707 2324 et
721 2263 764 2323 illi
782 2283 838 2324 seu
856 2263 938 2323 illius
953 2263 1088 2324 auctori-

153 2355 209 2417 tati
223 2354 437 2435 subjiciantur,
460 2375 522 2418 non
535 2359 607 2418 sunt
626 2356 685 2417 nisi
701 2357 832 2418 totidem
845 2355 953 2417 vicarii
968 2355 1087 2432 gradus

154 2449 251 2527 ipsius
265 2449 474 2528 episcopatus,

193 2543 243 2602 XI.
258 2543 347 2617 Quod
362 2544 402 2603 ad
413 2543 547 2621 primam
560 2542 751 2621 categoriam
769 2545 900 2620 spectat,
915 2541 940 2602 si
958 2542 998 2602 ad
1011 2560 1087 2602 ana-

152 2634 245 2712 lysim
257 2653 456 2711 revocemm,
477 2635 663 2712 multiplices
673 2636 790 2714 gradus
808 2633 1025 2695 ecclesiasticae
1041 2635 1088 2696 di-

151 2727 278 2805 gnitatis
306 2727 358 2805 qui
380 2745 437 2806 pro
459 2745 523 2787 suae
543 2727 746 2788 institutionis
771 2730 884 2788 natura
905 2745 968 2787 non
992 2727 1089 2788 susti-

152 2821 228 2878 nent
250 2817 308 2877 nisi
325 2820 494 2896 quemdam
509 2819 704 2898 pontificium
723 2820 925 2896 vicariatum,
938 2819 1087 2881 videntur

151 2910 258 2971 reduci
280 2929 371 2989 posse
396 2911 536 2972 adduas
558 2912 773 2974 distinctiones
795 2913 970 2991 praecipuas
992 2933 998 2972 :
1024 2912 1086 2972 dif-

150 3005 255 3064 ferunt
273 3005 323 3064 vel
345 3005 518 3082 qnant'tate
536 3005 729 3066 auctoritatis
749 3024 819 3084 quae
842 3004 902 3066 illis
917 3005 1086 3067 commissa

151 3101 207 3172 est,
225 3097 275 3158 vel
287 3098 381 3158 modo
395 3116 457 3177 quo
472 3098 532 3158 illis
548 3098 739 3160 conceditur.
1140 3176 1143 3180 Ι

193 3188 363 3262 Ouontr'tote
375 3210 386 3250 .·
401 3191 478 3252 Aliis
501 3191 584 3250 enim
598 3191 766 3252 commissa
786 3195 834 3252 est
848 3191 994 3270 quaedam
1009 3209 1082 3252 auc-

149 3281 259 3341 toritas
274 3284 565 3363 supraepiscopalis.

191 3371 278 3434 Modo
292 3393 304 3432 .·
319 3375 395 3434 Aliis
411 3377 578 3438 commissa
591 3381 638 3440 est
650 3377 819 3438 auctoritas
830 3377 977 3456 quaedam
991 3377 1080 3456 quasi

151 3465 345 3543 episcopalia.
