2484 4016
347 314 387 362 nu
408 313 537 364 omnmo
557 313 640 364 suuis
664 312 819 364 circumi.
992 299 1050 364 313

118 462 254 540 bantur,
271 463 359 524 etita
380 463 464 524 intra
482 463 670 525 domesticas
685 463 769 524 aedes
790 461 888 524 vitam
907 460 1051 522 traduce-

119 556 206 632 baut,
217 555 250 615 iu
260 557 394 617 multum
405 574 468 616 non
484 556 667 617 dissimilem
677 556 717 617 ab
728 574 766 616 ea
779 571 874 635 quam
886 553 1051 633 posteriori

120 651 262 727 tempore
276 648 428 709 moniales
443 649 628 727 amplexatae
646 653 728 711 sunt.

159 742 250 814 Quod
273 741 449 802 institutum
464 742 566 820 primo
582 760 639 820 pro
654 741 842 820 virginibus,
860 741 932 802 inde
957 741 1051 802 etiarn

121 835 161 895 ad
174 833 288 895 viduas
302 835 486 912 protensum
498 837 556 912 est,
572 853 641 914 quae
657 853 782 912 nempe,
802 835 869 895 viro
885 834 1049 909 defuncto,

121 929 161 989 ad
174 927 276 987 instar
289 927 445 1006 virginum
458 947 620 988 sacrarum
630 928 817 989 velabantur
830 929 865 988 ut
875 926 1052 988 oaelibatum

121 1019 317 1100 propositum
339 1025 510 1082 servarent.
537 1023 656 1082 Tamen
679 1020 781 1081 honor
807 1019 859 1080 ille
877 1019 1052 1098 virginibus

122 1117 299 1175 reservatus
319 1117 366 1175 est
396 1115 481 1194 quod
501 1114 639 1194 virgines
660 1114 766 1175 velum
787 1113 989 1174 benedictum
1012 1113 1051 1172 de

122 1225 216 1267 mauu
231 1207 368 1287 episcopi
386 1203 540 1268 haberent
553 1207 746 1286 impositum,
756 1205 860 1268 uiduae
876 1225 950 1268 vero
966 1225 1029 1268 non
1043 1225 1049 1268 :

122 1299 321 1360 benedictum
335 1300 394 1361 sibi
408 1300 583 1362 voluntarie
598 1299 806 1380 imponerent.

161 1392 224 1454 Sed
251 1393 319 1454 baec
343 1411 420 1454 vera
455 1394 598 1455 instituta
621 1393 780 1472 regularia
806 1409 869 1454 non
891 1396 973 1468 sunt,
998 1391 1053 1452 sed

122 1486 224 1564 potius
240 1487 386 1565 quaedam
405 1487 598 1566 primordia,
625 1488 772 1566 quaedam
796 1490 918 1548 remota
933 1485 1053 1546 semina

122 1579 344 1658 institutorum,
362 1597 432 1660 quae
447 1580 590 1661 sequenti
604 1581 725 1659 epocha
737 1582 963 1659 apparuerunt.

477 1783 644 1830 narremus
666 1783 701 1828 n.

155 1939 199 2001 De
212 1935 357 2019 relipiosis
371 1939 515 2001 institutis
527 1948 594 2021 post
609 1935 767 2001 Decianum
773 1940 1015 2020 persecutionem.

162 2115 214 2176 IV.
239 2113 326 2174 Hanc
339 2113 493 2192 epocham
507 2113 797 2192 subdistinguemus
811 2113 842 2174 in
859 2118 993 2194 quatuor
1002 2133 1054 2194 pe·

123 2203 228 2267 riodos
243 2205 440 2266 subalternas
457 2228 463 2267 :
483 2209 541 2266 l'a
554 2205 692 2266 Deciana
705 2207 922 2286 persecutione
942 2208 982 2268 ad
997 2225 1055 2270 sae-

122 2299 228 2358 culum
247 2303 369 2358 sextum
391 2298 524 2379 (epocha
544 2298 751 2360 monachismi
776 2299 967 2380 orientalis);
992 2305 1021 2362 ἓ·
1036 2319 1056 2360 a

122 2393 237 2453 saeculo
260 2395 346 2452 sexto
367 2392 406 2452 ad
423 2393 574 2454 saeculum
587 2392 790 2452 undecimum
800 2393 933 2472 (epocha
946 2412 1056 2454 mona-

123 2484 234 2544 chismi
250 2485 463 2566 occidentalis)
477 2505 484 2558 ;
502 2488 532 2546 3·
546 2504 566 2546 a
580 2484 694 2544 saeoulo
715 2485 881 2546 undecimo
897 2485 936 2545 ad
957 2504 1057 2547 seecu-

121 2577 187 2638 lum
198 2577 355 2638 decimum
364 2582 487 2640 sextum
497 2577 629 2658 (epocha
636 2578 769 2638 fratrum
777 2577 1036 2659 mendicantium)
1046 2599 1053 2652 ;

121 2675 154 2730 4ὃ
169 2689 188 2731 a
205 2671 320 2731 saeculo
336 2671 457 2733 decimo
473 2674 559 2733 sexto
582 2670 623 2731 ad
634 2686 694 2731 'nos
710 2670 842 2751 (epocha
870 2672 1056 2734 clericorum

122 2764 341 2844 regularium).
356 2765 494 2826 Accedet
506 2764 611 2825 brevis
626 2765 784 2842 appendix
792 2765 831 2826 de
844 2765 908 2826 vita
918 2765 1055 2844 regulari

123 2873 181 2934 pro
197 2856 335 2934 seminia,
357 2857 388 2916 iu
404 2876 467 2936 qua
482 2875 595 2936 nempe
611 2857 650 2918 ab
665 2857 719 2918 illa
740 2858 974 2920 discriminatur
987 2877 1056 2938 quae

124 2947 200 3009 viris
215 2950 377 3028 proposita
390 2954 446 3013 est.

338 3113 354 3152 l.
370 3115 383 3151 l
395 3111 485 3151 Deciano
496 3115 639 3160 persecutione
650 3114 675 3153 ed
685 3121 732 3154 saeo.
746 3115 849 3164 quinium.

166 3245 205 3305 V.
230 3243 384 3322 Tempore
412 3245 557 3306 Decianee
584 3243 830 3324 persecutionis,
857 3243 996 3306 nonnulli
1021 3261 1058 3307 ex

127 3333 316 3414 christianis,
334 3337 387 3417 qui
403 3356 466 3398 non
481 3335 563 3399 vires
584 3340 625 3400 ad
639 3338 825 3416 martyrium
841 3338 1059 3399 sustinendum

127 3429 291 3508 expedites
305 3430 336 3492 in
366 3451 399 3492 se
416 3430 613 3507 sentiebant,
631 3449 688 3492 nec
704 3430 743 3490 de
759 3431 861 3492 cilicio
883 3431 914 3490 in
929 3429 1059 3492 urbibus

128 3541 258 3585 munere
273 3523 447 3604 debebant,
466 3527 501 3590 ut
515 3523 648 3587 aliorum
672 3524 806 3588 salutem
831 3529 1057 3609 procurarent,

219 3645 282 3690 rou.
303 3649 321 3692 1.
938 3633 969 3694 a
1001 3639 1006 3645 '
