2546 4016
264 307 267 312 .
375 271 416 320 aa
435 271 564 320 curere
584 271 667 320 rums
688 269 844 320 maculer.
1015 259 1074 320 trs

132 413 1072 502 exeommum‘cctiquisacramentorumperticipationemper-

132 510 300 572 diderunt.
326 508 365 570 Hi
387 527 495 570 omues
523 507 683 572 christiani
711 509 794 585 sunt,
822 509 877 569 sed
905 525 1072 588 personam

133 621 207 666 non
221 603 336 665 hebent
348 602 379 663 in
393 602 475 682 jure,
489 602 577 682 quasi
597 599 680 682 passi
695 604 799 664 essent
813 601 922 681 capitis
939 601 1072 664 dimiuu·
1178 607 1182 614 '

24 695 25 698 ’
133 697 271 759 tionem.

181 790 331 863 Qui-veru
343 787 482 850 triehaec
492 787 616 850 unionis
628 787 754 850 vincula
764 791 960 866 conservant,
978 788 1072 852 iubis

135 884 245 946 tribus
266 881 425 944 consiltuti
446 885 519 942 sunt
538 880 714 957 elementis,
735 883 767 942 et
786 880 819 942 hi
838 897 947 944 omues
964 901 1073 962 perso-

137 995 218 1038 nam
236 976 355 1038 babent
374 973 494 1054 injure
513 974 724 1052 canonicari
743 976 895 1054 tanquam
914 974 998 1038 cives
1016 975 1073 1038 ba·

137 1071 259 1132 beetur
271 1067 366 1149 hujus
380 1069 496 1130 sancte
511 1066 726 1148 civitatisque
740 1067 880 1130 Ecclesia
891 1067 947 1130 Dei
960 1070 1017 1130 est.

185 1165 235 1224 lv.
261 1161 325 1224 Sed
340 1179 404 1223 nun
419 1161 672 1241 omueseaquales
686 1161 768 1224 iuter
777 1179 810 1224 se
824 1161 991 1226 habentur.
1009 1162 1073 1226 Sci-

140 1273 214 1317 mus
235 1253 394 1318 Christum
420 1273 458 1316 cx
478 1253 624 1316 cmuibus
645 1255 789 1318 fidelibus
814 1255 879 1318 suis
906 1256 1074 1320 duodecim

141 1349 288 1430 elegisse,
306 1351 339 1410 ct
351 1346 592 1410 Judalscaricte
601 1347 683 1409 mele
699 1349 832 1428 perdite,
845 1349 992 1411 undecim
1004 1353 1075 1429 post

141 1441 409 1504 remeationem
437 1440 576 1502 emisisse
609 1444 644 1502 ut
671 1442 876 1521 Evangelium
910 1442 1074 1506 anunntia-

143 1539 232 1612 reut,
253 1537 451 1596 sacramente
475 1533 703 1610 ministrarent,
723 1535 997 1615 gubernereutquc
1016 1536 1074 1598 Ec·

143 1629 284 1691 clesiam.
319 1628 408 1690 Unde
437 1627 603 1689 constituto
630 1627 690 1690 hcc
721 1628 835 1690 visibili
871 1627 1072 1708 magisterio,

142 1723 205 1784 hcc
218 1720 332 1782 visibili
351 1720 536 1797 ministerio,
551 1720 611 1781 huc
632 1719 747 1782 visibili
761 1720 893 1800 imperio
915 1719 1074 1782 ecclesias-

142 1815 222 1891 tice,
247 1815 316 1893 ipsa
336 1813 391 1874 Dei
412 1813 607 1875 ordinatione
626 1815 743 1875 factum
762 1816 810 1875 est
834 1817 870 1875 ut
885 1812 917 1874 in
935 1812 1075 1874 Ecclesia

144 1908 413 1987 distinguerentur
434 1907 582 1967 decentes
604 1907 644 1968 eb
669 1906 885 1983 audientibus,
912 1905 1028 1968 subditi
1056 1925 1075 1968 a

143 1999 409 2082 praecipientibus,
428 1999 639 2079 gubernantes
652 2018 671 2060 a
685 2000 881 2080 gubernatis,
897 2017 960 2062 uno
977 1999 1073 2063 verbe

141 2094 189 2155 illi
204 2093 257 2174 qui
267 2096 407 2172 praesuut
418 2094 458 2154 ab
469 2092 507 2153 iis
519 2093 573 2172 qui
584 2094 725 2156 subsunt.

186 2186 324 2249 'iraditio
340 2185 549 2248 ecclesiastica
563 2186 682 2266 primos
700 2189 789 2248 vccat
803 2187 932 2251 clericos
946 2188 1072 2269 (anepos,

142 2297 247 2362 graece
262 2296 339 2356 sors,
358 2279 446 2358 quasi
466 2279 498 2338 in
520 2282 637 2341 sortem
650 2279 774 2341 Domini
788 2280 913 2361 vocati),
930 2283 1008 2345 alios
1019 2283 1074 2346 lai-

144 2385 201 2436 cos
220 2374 314 2454 (accc,
331 2370 442 2451 plebs).
459 2371 549 2434 Unde
567 2389 709 2452 perseuae
727 2372 759 2433 iu
774 2374 914 2436 Ecclesia
928 2374 1074 2439 dividun-

142 2466 237 2529 turiu
247 2467 326 2527 dues
340 2465 502 2543 generales
517 2467 626 2542 status,
645 2463 822 2526 clericalem
836 2479 949 2546 nempe
970 2472 1002 2530 et
1019 2468 1074 2531 lai-

143 2560 256 2622 calem.
277 2557 376 2638 Igitur
394 2557 538 2619 tractatio
554 2557 615 2618 ista
627 2557 661 2617 iu
682 2557 761 2619 dues
779 2557 886 2620 titulos
903 2558 1072 2637 dividetur,
1160 2543 1171 2570 ‘

144 2663 279 2733 querum
301 2650 421 2730 primus
443 2649 502 2712 erit
518 2650 557 2710 de
579 2653 659 2712 statu
678 2649 825 2727 clericali,
845 2651 925 2713 alter
940 2667 1016 2715 vere
1034 2653 1074 2714 de

134 2748 228 2810 stetu
248 2743 361 2819 laicali,
379 2761 457 2822 ques
477 2742 609 2822 excipiet
627 2744 732 2805 brevis
753 2744 910 2825 appendix
931 2745 970 2807 de
991 2748 1074 2809 stetu

143 2837 292 2918 regulari,
303 2836 356 2916 qui
371 2838 470 2898 status
480 2835 518 2896 de
529 2853 586 2898 sua
600 2840 713 2899 nature
726 2842 838 2901 neuter
850 2841 907 2916 est,
920 2839 1075 2920 siquidem

145 2949 184 2992 cx
206 2929 337 2992 diversis
359 2928 558 2991 constituitur
576 2929 747 3009 principiis,
770 2933 826 2994 sed
844 2933 978 2995 ducrum
993 2932 1074 3012 prio-

145 3037 215 3086 rum
229 3022 356 3103 utrique
370 3023 473 3102 petest
484 3021 667 3084 consociari.
