2484 4016
179 313 236 378 276
388 327 616 380 msrrrurrorss
636 327 719 378 ronrs
741 327 895 379 cenentur.

179 476 360 538 clericatum
370 477 586 556 assumptiper
597 478 683 538 illam
694 477 914 538 caeremoniam
925 493 1007 555 qua,
1018 473 1121 535 sicuti

180 570 219 630 ad
236 570 465 630 ordinationem
480 587 603 631 sacram
618 571 761 646 refertur,
787 571 831 631 ita
852 568 936 630 illius
949 566 1121 646 perpetui-

179 666 276 724 tatem
290 662 440 740 imitatur,
454 663 556 725 clerici
570 664 603 723 in
617 666 804 743 perpetuum
816 662 1030 742 perseverant.
1047 661 1121 721 Nee

180 755 368 834 acquisitum
389 755 494 817 elerici
506 759 633 833 statum,
646 775 703 816 nec
717 755 902 835 acquisitam
918 753 1021 814 cleriei
1034 771 1121 830 qua-

178 848 299 910 litatem
318 855 448 927 possunt
467 849 620 926 amittere,
643 849 703 909 nisi
719 847 912 928 depositione
928 849 982 906 eut
996 844 1121 924 degra-

181 942 317 1004 datione.
335 941 428 1020 Atqui
447 945 545 1003 status
568 942 682 1003 dicitur
706 956 893 1022 permanens
913 938 1038 1001 vivendi
1052 957 1121 998 seu

180 1035 304 1096 essendi
316 1035 464 1096 conditio.

222 1128 284 1189 Sed
299 1127 350 1188 hie
365 1131 463 1188 status
478 1127 666 1206 generaliter
681 1127 825 1190 omnibus
844 1131 1024 1206 competens
1047 1123 1122 1186 cle-

181 1221 264 1297 riciS,
273 1219 394 1281 etiamsi
406 1220 522 1281 fuerint
531 1224 654 1304 tentum
667 1219 830 1298 tonsurati,
842 1219 874 1280 in
882 1219 985 1298 specie
997 1219 1122 1280 confir-

179 1317 294 1390 matur,
314 1317 345 1373 ct
359 1312 502 1374 absolute
520 1317 691 1393 perpetuus
703 1313 738 1375 fit
752 1313 949 1392 susceptione
964 1312 1121 1374 ordinum

179 1406 345 1487 majorum.
362 1406 451 1468 Unde
468 1424 524 1484 per
538 1407 663 1467 illorum
674 1407 893 1486 ¹receptionem
907 1424 981 1467 mox
995 1408 1121 1466 statum

179 1518 338 1561 assumere
354 1499 498 1560 dicimur.
513 1501 592 1560 Nam
614 1499 736 1561 tametsi
750 1499 870 1576 clerici,
888 1499 920 1559 in
936 1497 1119 1559 minoribus

179 1597 302 1655 tantum
315 1591 477 1654 ordinibus
493 1593 662 1670 constituti,
679 1592 787 1654 habitu
803 1591 909 1652 clerici
923 1609 1047 1671 semper
1060 1609 1120 1652 re-

179 1689 343 1762 maneant,
368 1705 425 1748 nco
445 1685 629 1765 acquisitam
657 1685 761 1747 clerici
781 1685 963 1765 qualitatem
991 1683 1120 1763 possint

179 1778 277 1839 libere
301 1797 426 1856 exuere,
448 1781 554 1840 tamen
575 1777 635 1839 illis
659 1778 732 1840 licet
752 1781 823 1840 actu
844 1778 989 1838 deserere
1012 1777 1119 1838 vitam

180 1872 355 1933 clericalem
373 1891 380 1932 :
407 1890 469 1951 quo
483 1875 635 1950 tempore,
649 1871 733 1952 jure,
759 1871 861 1933 officia
873 1871 1022 1950 pleraque
1046 1869 1120 1950 pri-

179 1963 402 2043 vilegiastatus
418 1964 569 2026 clericalis
582 1984 639 2044 pro
658 1965 734 2046 ipsis
749 1965 993 2043 suspenduntur,
1010 1963 1118 2024 donec

180 2055 290 2119 habitu
313 2056 448 2120 clericali
470 2063 678 2138 reassumpto,
705 2058 800 2120 veluti
820 2058 861 2118 ad
882 2077 976 2118 suum
995 2059 1118 2118 statum

180 2150 310 2227 reversi,
327 2150 458 2228 antiqua
467 2150 552 2232 jura,
569 2151 682 2230 officia,
697 2149 861 2230 privilegia
873 2153 1068 2229 recuperent.
1112 2213 1116 2218 ,

221 2243 283 2304 Sed
305 2242 357 2322 qui
373 2242 469 2304 sacris
491 2248 522 2306 et
536 2243 707 2324 majoribus
722 2243 835 2306 initiati
854 2247 926 2304 sunt
936 2242 1115 2320 ordinibus,

181 2353 244 2398 non
258 2339 390 2417 possunt
400 2337 534 2416 amplius
549 2337 588 2398 ad
599 2337 762 2399 saecularia
770 2341 845 2399 vota
855 2335 1037 2414 redire‚'sed
1049 2334 1117 2396 Deo

180 2430 229 2491 rai
240 2431 348 2493 seruire
361 2450 484 2511 regnare
497 2439 559 2508 eet,
582 2434 654 2492 sunt
675 2431 707 2492 in
721 2434 908 2510 perpetuum
926 2429 1112 2507 mancipati.

180 2525 270 2587 Unde
292 2527 391 2586 status
415 2522 565 2586 clericalis
589 2524 621 2585 in
634 2543 749 2604 genere
765 2526 945 2603 competens
965 2521 1116 2584 omnihus

180 2618 312 2695 clericis,
326 2618 400 2680 licet
413 2637 499 2679 mere
513 2617 664 2680 tonsurati
673 2617 799 2695 fuerint,
811 2617 965 2698 majorem
979 2613 1117 2695 acquirit

180 2712 370 2772 soliditatem
393 2711 697 2791 perpetuitatemque
716 2712 774 2772 hac
791 2711 936 2772 ordinum
954 2709 1115 2789 majorum

180 2804 389 2882 susceptione,
409 2821 471 2882 quo
487 2804 652 2882 specialius
668 2805 704 2866 ot
717 2807 815 2866 status
830 2803 991 2865 clericalis.
1009 2804 1114 2874 Quare

180 2896 262 2956 hauc
284 2895 533 2957 dissertationem
559 2916 622 2976 qua
642 2897 732 2958 nohis
746 2897 974 2962 consideranda
996 2911 1115 2975 propo-

180 2991 299 3068 suimus
327 2988 430 3048 officia
458 2993 557 3050 status
584 2989 746 3069 clericalis,
772 2990 804 3050 in
829 2990 891 3052 duo
905 2987 1010 3068 capita
1033 2987 1113 3049 divi-

180 3079 309 3144 demus:
504 3135 507 3140 .

187 3175 251 3235 Γ
262 3177 317 3236 De
339 3175 448 3236 officiis
463 3175 597 3254 propriis
612 3180 727 3238 status·
721 3176 882 3238 ·elerioalis
895 3176 927 3236 in
952 3175 1112 3238 communi

180 3268 256 3330 etin
270 3287 385 3348 genere
398 3269 606 3343 considerati3

219 3367 250 3425 2⁰
271 3366 315 3424 De
339 3363 448 3426 officiis
470 3366 568 3425 status
592 3363 743 3425 clericalis
768 3364 904 3444 propriis
923 3316 1112 3426 clericorum

179 3457 346 3537 majorum.
