2512 4012
792 152 807 185 9

175 253 235 316 942
387 264 616 316 1usr1rnrrovns
637 269 719 316 tusus
741 265 895 315 cunourcr.

218 415 264 476 lta
288 416 319 475 et
339 411 537 492 episcopatus
550 411 719 491 provinciae
740 412 791 474 vel
809 409 957 486 aetionis,
975 406 1109 488 quando

175 507 265 587 juxta
280 521 406 568 normas
417 505 497 586 juris
512 506 712 566 ecclesiastici
722 507 808 586 quod
818 522 874 584 pro
885 503 1022 564 ecclesiis
1034 521 1108 581 pro-

178 599 288 660 vinciae
312 599 363 660 vel
377 598 511 660 nationis
533 599 632 658 latum
656 602 716 676 est,
745 601 868 660 servato
888 595 1108 674 dependentia.

179 692 303 753 vinculo
312 691 793 772 crgapettiaroham‚primetem
801 691 850 752 vel
861 689 1106 768 metropolitam,

179 784 242 846 suis
267 783 406 846 ccelesiis
429 783 604 858 intendunt,
631 791 759 863 propter
773 783 921 844 unionem
935 779 1107 842 voluntatis

179 877 383 954 habitualem,
399 895 468 956 quae
483 875 609 954 respicit
621 876 739 937 bonum
756 876 852 937 totius
867 873 1034 953 provinciae
1056 873 1109 932 vel

180 969 325 1047 nationis,
336 973 366 1031 et
373 969 432 1049 ipsi
438 969 469 1029 in
481 967 614 1028 solidum
625 972 656 1029 et
663 988 720 1047 pro
730 972 820 1047 parte
828 986 886 1028 sua
898 967 1002 1046 aliquo
1013 985 1108 1028 sensu

180 1063 326 1124 ecclesias
338 1061 472 1123 nationis
487 1062 538 1122 vel
549 1061 717 1141 provinciae
732 1062 924 1140 gubernant.-

221 1155 283 1218 Sed
306 1158 353 1215 cst
368 1155 462 1216 etiam
484 1154 516 1214 in
536 1154 608 1236 jure
624 1154 736 1215 modus
757 1173 819 1236 quo
841 1153 1012 1230 actualiter,
1034 1151 1108 1212 licet

179 1256 265 1309 estro
288 1246 418 1308 ordinem
436 1246 504 1308 haec
527 1249 725 1309 voluntatum
747 1248 906 1309 obtinetur
926 1246 1105 1322 concordia,

176 1359 293 1420 ¹nempe
309 1340 336 1402 si
349 1341 531 1402 universum
542 1341 721 1420 collegium,
738 1340 796 1402 sub
810 1340 911 1418 capite
924 1358 980 1402 suo
996 1339 1108 1400 consti-

179 1437 293 1513 tutum,
313 1433 463 1494 inunum
484 1435 649 1496 conveniat
662 1435 778 1510 locum,
802 1433 858 1495 ubi
873 1433 1108 1495 communicatis

180 1528 316 1589 consiliis
329 1528 368 1588 de
383 1546 416 1588 rc
429 1529 575 1590 Ecclesiae
597 1529 658 1589 sibi
672 1529 846 1590 commissae
868 1526 1051 1588 deliberent.
1069 1527 1109 1586 Hi

179 1619 1109 1700 pastorumEcclesiaeconventus,graeoecvudbr,latinecon·

181 1714 412 1775 ciliavocantur
426 1733 433 1774 :
451 1715 656 1793 quitamenut
669 1714 1007 1794 legitimehaboantur,
1017 1713 1110 1791 plura

180 1807 357 1886 requirunt,
375 1808 414 1869 de
427 1808 540 1887 quibus
552 1803 636 1868 nunc
645 1809 692 1868 est
703 1806 931 1869 disserendum.

220 1901 257 1964 V.
274 1902 347 1961 Tria
359 1903 432 1962 sunt
446 1918 515 1979 quae
523 1900 594 1981 jure
607 1901 811 1979 requiruntur
826 1904 860 1962 ut
873 1901 1011 1980 synodus
1026 1899 1108 1978 legi-

180 1991 351 2054 timefacta
369 1993 501 2071 dicatur,
517 1981 664 2054 videlicet
684 2013 690 2054 :
711 1995 742 2054 1⁰
762 1994 962 2072 convocatio,
979 1997 1010 2055 2⁰
1026 1993 1109 2053 ccle-

180 2085 299 2163 bratio,
316 2087 347 2146 3⁰
362 2085 569 2148 confirmatio.

222 2178 519 2240 Coucocutiodicitnr
529 2180 818 2258 publicaintimatio
829 2179 1110 2260 asuperiorcfacta

180 2271 325 2333 omnibus
345 2271 384 2332 de
406 2272 558 2352 collegio,
583 2277 618 2334 ut
642 2275 801 2353 synodus,
825 2275 961 2336 certain
983 2275 1052 2335 loco
1070 2261 1112 2334 'et

178 2367 296 2426 statuto
307 2367 448 2444 tempore
459 2365 644 2428 celebretur.
660 2369 704 2427 De
714 2367 785 2448 y'nre
800 2372 847 2429 est
859 2367 943 2447 quod
954 2370 985 2428 et
995 2384 1113 2428 convo-

181 2457 338 2520 cetiolreri
350 2458 444 2520 debet
454 2476 473 2519 a
485 2460 788 2537 RomanoPontifiee,
802 2460 831 2520 si
845 2479 914 2540 quoe
925 2460 1112 2539 congregari

180 2552 255 2614 velit
271 2552 412 2631 synodus
433 2552 641 2630 aecumenica}
659 2571 678 2612 u
697 2553 892 2631 patriarcba,
909 2553 1043 2631 primate
1057 2553 1109 2613 vel

179 2645 387 2722 metropolita,
404 2644 431 2705 si
444 2645 582 2722 synodus
596 2645 793 2723 particularis
806 2646 1028 2726 congreganda
1043 2649 1107 2722 est,

181 2737 246 2799 sive
261 2737 437 2812 sationalis,
453 2737 518 2796 sive
534 2738 734 2814 provincialis
750 2739 922 2818 respective
935 2759 942 2811 ;
970 2739 1010 2798 ab
1029 2737 1110 2816 epis·

181 2847 259 2908 copo
283 2833 398 2905 autem,
421 2828 448 2888 si
464 2829 503 2887 dc
529 2830 649 2907 synodo
672 2831 852 2893 dioecesana
868 2848 971 2894 sermo
987 2832 1036 2892 sit.
1055 2832 1112 2892 Isti

181 2923 264 2984 enim
283 2924 355 2982 sunt
367 2921 540 2999 respective
562 2924 740 3002 superiores
760 2926 884 3005 collegii
896 2925 980 3006 quod
1001 2923 1033 2984 in
1054 2925 1113 2985 tali

181 3015 302 3094 synodo
318 3016 502 3093 congregari
515 3015 641 3078 habeat.

220 3107 293 3168 Pari
306 3106 400 3168 modo
414 3107 576 3170 descendit
585 3110 669 3188 quod
683 3111 837 3174 intimatio
848 3111 960 3190 synodi
975 3127 1111 3172 oecume-

181 3199 244 3260 nici
260 3201 330 3261 steri
355 3200 470 3262 debeat
488 3203 633 3264 omnibus
659 3204 743 3266 orbis
766 3204 913 3266 catholici
935 3204 1109 3282 episcopis;

180 3293 388 3373 particularis,
402 3296 567 3358 nationalis
587 3314 701 3376 nempe
713 3299 763 3362 vel
783 3297 995 3378 provincialis,
1010 3297 1114 3358 omni-

180 3387 240 3448 bus
266 3387 400 3449 nationis
434 3390 484 3450 vel
518 3389 687 3468 provinciae
716 3392 885 3471 episcopis;
922 3391 1111 3452 dioeaesanae

182 3479 326 3546 omnibus
346 3480 517 3545 dioeceseos
531 3483 661 3560 clericis,
679 3483 717 3543 iis
731 3484 905 3564 presertim
918 3483 1018 3564 quiin
1031 3500 1110 3566 'par-
