2484 4016
353 295 392 340 nn
414 293 543 342 caruero
562 293 647 342 roms
669 293 826 343 canorum.
1002 283 1061 346 3OE

119 439 363 526 proponendam
374 457 441 502 esse
455 440 600 502 duximus
617 443 652 502 ut
664 439 831 502 definiatur
848 443 948 503 status
967 459 1062 502 eran·
1146 450 1154 464 '

121 534 233 614 gelioae
253 533 463 612 perfectionis.
483 536 602 598 Verum
617 534 685 594 haec
702 533 850 612 generioa
863 534 1062 614 investigatio

118 627 153 686 in
169 627 248 687 duas
267 632 378 706 sponte
393 626 605 706 distinguitur,
620 645 754 707 quarum
767 627 867 688 altera
882 627 1059 708 dogmatico,

123 719 226 782 altera
237 738 313 781 vero
326 719 535 800 disciplinaris.
549 720 733 798 Dogmatioa
745 721 1058 800 determinatidcam,

121 815 348 894 prototypum,
366 813 527 892 exemplar
546 813 618 874 vitae
637 813 837 891 perfectionis
849 814 881 872 in
906 814 1056 876 Ecclesia.

124 905 342 984 Disciplinaris
353 907 477 984 praxim
487 907 682 968 demonstrat
694 924 789 984 quam
800 925 856 985 pro
876 907 971 968 variis
988 910 1059 968 aeta-

121 999 224 1076 tibus,
242 1017 300 1076 pro
323 1000 418 1060 variis
432 999 597 1076 institutiS,
616 999 775 1060 christiani
801 1001 900 1062 secuti
921 1003 1008 1077 sunt,
1026 1004 1061 1062 ut

118 1091 1060 1172 juxtahujusmodiexemplarperleotionischristianaeactus

118 1203 193 1246 suos
209 1187 429 1260 efformarent3
455 1186 634 1266 dogmatica
658 1187 742 1247 enim
762 1187 962 1266 investigatio
985 1190 1060 1249 nata

119 1281 167 1340 est
176 1282 212 1340 ut
225 1278 313 1358 prior
325 1279 365 1341 sit
375 1279 475 1341 alteri.

160 1373 261 1450 Igitur
274 1375 374 1434 totam
387 1373 468 1433 hano
483 1372 703 1435 tractationem
714 1371 754 1432 ad
771 1373 832 1434 duo
851 1375 956 1452 capita
967 1375 1060 1434 redu·

114 1464 226 1542 aimus,
242 1483 355 1545 nempe
369 1467 507 1545 primum
526 1467 564 1526 de
579 1469 662 1526 statu
678 1466 868 1544 evangelicae
893 1467 1060 1545 perfectio-

119 1556 169 1618 nis
181 1556 359 1637 dogmatice
372 1559 524 1638 inspecto,
533 1560 667 1620 alterum
679 1559 718 1620 de
732 1559 844 1620 ecdem
857 1561 940 1620 statu
952 1560 1058 1639 quoad

122 1649 333 1732 disciplinam.

463 1769 568 1824 CAPUT
583 1769 719 1823 PRIMUM.

155 1895 190 1938 DE
206 1898 291 1938 sustu
304 1899 483 1941 svaudunum
499 1898 696 1940 PERFEGTIONIS
712 1897 869 1938 cosumus
887 1896 1026 1944 INSPEGTO·

162 2017 185 2077 l.
211 2017 280 2076 Non
305 2034 413 2077 omnes
434 2015 598 2078 hominum
616 2015 754 2076 actiones
774 2014 893 2076 habent
907 2015 1056 2078 eumdem

13 2149 14 2152 κ
121 2110 314 2187 respectum,
339 2109 547 2188 eamdemque
561 2107 772 2169 rationem'ad
786 2109 881 2170 finem
894 2109 1052 2188 ultimum,

119 2202 171 2263 oui
186 2219 245 2280 per
258 2202 393 2282 gratiam
406 2201 634 2262 contendimus.
651 2203 731 2262 Nam
748 2201 817 2262 aliae
833 2201 952 2264 hahent
972 2203 1056 2264 rela-

118 2295 239 2357 tionem
264 2294 477 2362 necessitatis:
496 2295 565 2356 aliae
581 2311 657 2356 varo
675 2294 823 2372 simplicis
837 2295 1055 2359 indifferentiae

119 2388 151 2449 in
171 2389 291 2449 finem:
309 2387 504 2449 necessitatis
523 2387 666 2448 ordinem
687 2389 814 2448 servant
828 2405 898 2466 quaa
913 2389 988 2465 poni
1002 2391 1057 2450 aut

119 2481 222 2542 omitti
235 2480 371 2542 debeant
379 2483 414 2541 ut
422 2480 493 2540 finis
504 2481 630 2559 assequi
639 2479 751 2558 possit;
764 2478 975 2540 indifferentia
985 2499 1059 2559 qum

116 2575 193 2654 poni
205 2577 336 2652 possunt
349 2574 405 2652 vel]
418 2563 517 2636 omitti
533 2573 600 2632 sine
622 2571 810 2633 detrimento
826 2572 1055 2634 consecutionis

116 2668 199 2728 finis.
215 2669 391 2732 Necessitas
405 2667 459 2727 illa
471 2684 542 2726 eam
556 2665 705 2744 importat
722 2663 945 2743 obligationem
959 2683 1055 2744 quam

116 2761 272 2823 moralem
290 2760 439 2833 dicimus;
457 2762 625 2838 propterea
644 2757 804 2834 constituit
819 2757 988 2837 quemdam
1004 2775 1055 2820 or-

118 2855 225 2915 dinem
240 2841 467 2932 praeceptivum
478 2852 621 2913 absolute
635 2850 837 2927 servandum,
850 2851 963 2912 utfinis
976 2851 1055 2912 obti-

117 2951 239 3008 neatur.
257 2948 330 3008 llaeo
345 2949 451 3006 autem
471 2944 682 3005 indifferentia
701 2943 783 3003 hanc
798 2944 946 3023 relinquit
959 2944 1054 3004 liber*

116 3044 215 3102 tatem
229 3040 381 3100 moralem
396 3038 535 3117 ponendi
556 3037 605 3097 vel
618 3036 781 3098 omittendi
797 3040 885 3098 actus
896 3036 983 3110 illos;
1001 3055 1054 3096 ca-

115 3138 246 3214 prcpter
258 3132 418 3195 constituit
432 3131 574 3193 ordinem
587 3129 817 3208 permissivum.

155 3229 254 3289 Porro
270 3227 410 3288 actiones
425 3225 474 3286 hae
500 3224 550 3286 vel
565 3222 749 3284 omissiones
764 3241 834 3300 quae
850 3227 995 3300 spectant
1012 3225 1053 3284 ad

116 3319 199 3382 hune
216 3321 379 3396 ordinem,
397 3319 472 3380 licet
496 3334 604 3380 omnes
620 3313 809 3376 conveniant
831 3315 864 3374 in
879 3315 939 3376 hoo
953 3334 1053 3394 genus

118 3412 355 3490 indifferentiae,
375 3431 438 3473 nou
453 3415 560 3473 tamen
575 3425 683 3469 omnes
707 3405 826 3467 habent
840 3409 985 3470 eamdem
1000 3428 1053 3488 op·

121 3507 346 3584 portunitatem
369 3505 410 3566 ad
431 3505 503 3567 finis
518 3500 765 3573 assecutionem
782 3501 957 3580 siquidem,
980 3501 1053 3564 licet
