2546 4016
368 269 475 319 merca
497 269 650 320 ernanus
669 271 753 320 mars
774 271 929 322 maestos.
1055 259 1114 322 lu

178 411 332 490 decrevit,
345 412 402 474 sed
414 430 477 475 non
489 413 622 478 cenavit
632 414 776 490 omnino;
794 433 868 477 nam
879 414 946 478 sive
958 413 993 478 id
1001 433 1112 486 evene-

179 506 221 570 rit
241 506 316 587 quia
336 506 423 568 visus
442 510 489 570 est
510 507 658 570 acuendis
684 507 816 588 ingeniis
838 509 1111 589 accommodatus,

177 599 244 660 sive
266 603 303 662 ut
323 599 478 662 memorie
490 605 670 664 servaretur
690 601 773 663 illius
784 601 925 664 methodi
939 621 997 683 per
1015 621 1112 686 qnam

178 692 382 755 scientiarum
400 694 585 756 restauratio
608 695 756 757 inchoate
779 698 836 772 est,
862 695 976 758 horum
991 699 1112 761 exerei-

176 786 296 850 tiorum
309 804 398 863 usus,
413 786 487 849 licet
499 787 613 866 minor,
629 791 735 852 temen
746 788 851 850 edhuo
862 795 1053 870 perseveret.

216 881 284 941 Imo
293 879 318 939 si
330 878 370 940 el>
382 897 420 940 ee
430 885 630 944 recesserunt
640 881 1049 966 aliquantisperphilosophi
1059 885 1110 948 vel

174 971 328 1052 theologi,
351 972 396 1033 illi
418 973 522 1035 adhuc
546 974 757 1038 incubuerunt
776 974 897 1056 juristae
919 977 972 1057 qui
994 977 1109 1039 exerci-

174 1067 257 1129 tium
278 1064 473 1128 scholastice
492 1067 759 1148 interpretationis
772 1067 806 1130 in
821 1067 1003 1149 quotidiano
1017 1069 1110 1133 sclro-

174 1159 281 1222 lurum
293 1177 354 1220 usu
368 1159 512 1222 retinent.

216 1254 389 1334 Postquam
402 1252 499 1334 igitur
512 1253 634 1334 egimus
648 1255 688 1318 de
698 1255 835 1318 fontibus
850 1253 1106 1337 jurisprudentia

176 1345 349 1424 senonicae,
365 1347 570 1426 opportunius
578 1348 637 1412 erit
646 1349 672 1410 si
684 1350 726 1410 sd
739 1349 1004 1428 complementum
1012 1349 1109 1432 hujus

173 1439 382 1540 tractationis,
401 1440 508 1522 aliqua
519 1441 558 1502 de
570 1442 751 1524 hujusmodi
767 1441 920 1504 exercitiis
931 1441 1083 1506 dicemus.

442 1589 474 1626 n.
485 1590 519 1626 n·
531 1591 634 1638 partibus
644 1593 727 1638 quibu
736 1595 836 1630 cenum.

215 1704 254 1766 11.
277 1706 387 1788 Itaque
401 1707 472 1768 octo
496 1706 637 1786 portibus
661 1709 784 1770 comtat
813 1705 996 1772 exercitium
1016 1707 1106 1770 scho-

175 1796 295 1862 losticae
307 1817 464 1860 canonum
478 1799 751 1880 interpretationis.

215 1890 325 1954 Primo
336 1893 476 1955 consistit
488 1894 520 1956 in
535 1893 668 1974 simplici
678 1895 810 1958 lectione
824 1894 903 1976 legis
917 1893 1106 1958 seuosnouis

177 1984 230 2066 qui
249 1985 499 2066 interpretationi
513 1988 708 2067 supponitur.
728 1989 876 2052 Formule
891 1987 1017 2068 legendi
1038 1987 1106 2052 hmo

177 2081 224 2142 est
240 2097 247 2140 ε
264 2078 537 2160 interpretandum
560 2081 602 2160 (v.
633 2081 679 2162 g.)
710 2086 757 2144 est
782 2100 851 2162 cup.
881 2082 916 2144 de
942 2080 1103 2162 rescriptis.

176 2173 334 2254 interpres
346 2173 423 2254 legit
436 2176 537 2238 totum
550 2176 670 2237 textum
684 2175 772 2256 legis.

216 2267 444 2348 completesic
458 2267 592 2330 lectione
614 2268 735 2348 ospitis,
756 2269 959 2351 subsequitur
982 2265 1107 2332 secundo

171 2379 246 2441 pare
273 2379 329 2424 seu
342 2361 460 2442 specics,
487 2380 599 2442 nempe
616 2362 762 2444 quendem
776 2362 849 2424 fecti
864 2361 1035 2442 propositio
1050 2380 1107 2424 seu

178 2454 307 2536 qudam
333 2473 423 2518 ossus
451 2456 504 2536 qui
519 2455 559 2517 sit
581 2456 662 2518 lecto
685 2454 779 2534 ospiti
803 2455 962 2532 relativus,
990 2454 1107 2536 quiquo

178 2547 316 2612 exercitii
330 2547 433 2629 gretia
445 2547 644 2628 confingitur,
660 2551 811 2629 tunquam
823 2547 849 2608 si
863 2545 972 2611 fuisset
985 2547 1106 2626 legisls·

178 2641 237 2704 tori
259 2641 461 2721 respondenti
483 2641 661 2722 propositus
685 2661 692 2704 :
722 2663 736 2700 a
750 2640 869 2720 species
883 2639 977 2720 hujus
997 2639 1106 2719 cepitis

177 2734 247 2797 telis
274 2753 342 2798 esse
368 2734 481 2815 potest,
510 2755 541 2797 v.
563 2753 638 2814 gr...
667 2757 682 2795 a
715 2735 747 2798 Si
775 2733 894 2814 species
922 2731 1016 2796 realis
1043 2750 1106 2796 uon

178 2831 281 2907 potest
303 2828 446 2906 inveniri,
473 2827 585 2890 ssltem
602 2847 730 2890 necesse
746 2830 842 2892 estut
862 2827 902 2892 sit
920 2826 1106 2890 verosimilis

178 2939 232 2984 seu
245 2921 442 3002 responsioni
457 2920 643 3000 legislatoris
658 2920 856 2984 conveniens.

216 3017 269 3080 ΙΙΙ.
293 3017 349 3078 11ae
364 3015 479 3077 dentur
491 3014 608 3093 regule
624 3014 664 3075 ad
677 3013 903 3076 conficiendam
917 3011 1054 3091 speciem
1069 3031 1075 3072 :

217 3111 248 3170 {⁰
260 3107 458 3172 Gonsiderari
471 3107 565 3170 dehet
575 3110 737 3171 contextas
751 3106 862 3187 ospitis
874 3108 909 3170 ut
917 3123 955 3166 eu
966 3104 1019 3166 illo
1031 3103 1106 3170 fecti

179 3201 297 3282 species
316 3201 421 3262 valent
435 3199 566 3262 desumi.

216 3297 251 3356 20
272 3293 306 3358 Si
335 3295 498 3356 contextus
526 3295 689 3356 remanent
715 3292 884 3367 obscurus,
911 3289 995 3370 quod
1023 3307 1107 3370 supe

180 3385 293 3451 occidit
303 3385 335 3450 in
350 3386 558 3452 decretalibus
574 3387 666 3466 Greg.
679 3387 720 3449 IX
730 3385 815 3465 (usur
825 3385 1040 3464 [ismundus
1056 3383 1108 3444 vel

181 3478 472 3560 messanensis,
480 3479 530 3542 vel
544 3477 784 3557 ordinisstudio,
802 3495 864 3548 nou
874 3475 1037 3560 proposuit
1047 3474 1107 3564 nisi
