2514 4014
191 253 230 316 20
399 266 625 312 irsrrrcriouss
646 265 728 312 suuis
750 265 903 316 cruorum.

138 453 141 458 -
191 410 256 473 rale
271 413 414 472 centrum
426 410 639 472 revolvuntur.
662 411 693 473 Si
716 428 802 490 ergo,
818 412 953 490 abrupta
966 405 1129 470 relatione

88 497 93 503 ’
191 502 323 584 alicujus
339 503 517 582 systematis
531 501 727 582 particularis
740 502 780 563 ad
795 505 938 564 connum
956 499 1125 581 generale,

190 596 268 657 illud
286 599 450 657 externum
474 615 493 656 a
511 599 679 674 systemate
703 595 842 675 generali
864 593 1123 667 constitueretur,

190 688 325 750 oriretur
337 687 499 767 disruptio,
516 707 553 750 ac
567 688 698 768 proinde
713 687 864 749 confusio,

229 783 281 842 lX.
298 783 344 842 Ex
355 781 506 842 hactenus
521 781 611 842 dictis
625 781 740 844 inferre
753 780 904 842 debemus
917 778 1049 857 duplicis
1061 795 1124 856 ge-

190 873 272 934 neris
281 872 349 954 jam
363 890 515 953 exurgere
534 872 698 953 principia,
712 871 801 952 [unde
815 872 932 952 pendet
949 869 1001 952 jns
1017 868 1124 931 eccle-

190 965 366 1028 siastioum:

230 1061 260 1121 1⁰
271 1057 463 1138 Principium
472 1057 552 1138 juris
567 1057 754 1119 universalis
768 1078 776 1131 ;

229 1155 260 1212 2⁰
273 1149 465 1229 Principium
476 1150 556 1231 juris
569 1150 776 1229 particularis.

229 1243 419 1322 Principium
429 1243 575 1322 generale
583 1243 821 1304 fundamentum
832 1242 927 1304 habet
937 1244 1005 1303 tum
1015 1242 1048 1303 in
1060 1243 1123 1304 Ro·

188 1354 282 1396 mano
297 1335 458 1412 Pantilius,
475 1337 543 1396 tum
552 1335 584 1394 in
597 1335 728 1414 collegio
744 1334 979 1414 episcopornm3
996 1333 1120 1396 scilicet

188 1429 238 1490 vel
253 1447 272 1488 a
286 1429 426 1489 Romano
441 1427 601 1505 Pontifioe‚
619 1427 669 1488 vel
686 1429 787 1489 abillo
798 1427 965 1488 universali
983 1425 1116 1505 collegio

188 1524 350 1601 pastorum
362 1519 508 1580 Ecclesia
519 1519 571 1601 jus
585 1520 761 1582 universale
776 1519 984 1581 constituitur.

227 1612 419 1693 Principium
440 1604 573 1674 alterum
593 1615 640 1674 est
659 1612 873 1692 episcopusin
895 1630 953 1672 sua
974 1611 1114 1689 dioecesi,

188 1726 245 1788 pro
256 1707 328 1787 jure
343 1705 462 1766 scilieet
472 1705 663 1784 particulari.

228 1804 258 1861 3⁰
271 1802 389 1861 Praeter
403 1798 471 1860 haeo
486 1799 548 1859 duo
563 1798 727 1876 principia,
752 1797 912 1880 quoddam
926 1797 1016 1859 adest
1033 1797 1118 1877 prin-

140 1887 144 1898 '
188 1892 304 1971 cipium
324 1889 545 1951 intermedium
555 1889 635 1970 juris
653 1891 830 1970 peculiaris,
853 1891 936 1971 quod
955 1909 1018 1951 non
1034 1889 1117 1950 adeo

187 1986 273 2064 patet
282 1986 316 2044 ut
330 1983 370 2044 ad
386 1981 561 2043 universale
572 1983 737 2060 referatur,
755 2001 813 2044 nec
824 1983 902 2044 adeo
917 1982 1117 2064 restringitur

187 2080 222 2138 ut
238 2076 278 2138 ad
293 2074 492 2160 particulare.

285 2227 339 2278 517.
351 2235 381 2266 D!
389 2235 507 2268 GMDIBUS
516 2237 684 2268 ruruuromus
694 2237 722 2268 Aa
732 2237 837 2270 1001·ssss
847 2235 1009 2270 murmuris.

226 2357 264 2416 X.
279 2354 564 2435 Determinatajam
576 2358 728 2434 potestate
749 2355 943 2434 singulorum
957 2355 1115 2434 episcopo-

186 2467 257 2508 rum
266 2447 298 2506 in
309 2447 417 2508 ordine
431 2447 472 2508 ad
481 2448 622 2526 regimen
638 2448 732 2510 totius
745 2447 902 2524 Ecclesiae,
918 2447 1011 2508 dehet
1021 2446 1116 2508 etiam

186 2541 254 2602 haeo
272 2542 410 2618 potestas
423 2539 613 2601 considerari
628 2541 660 2600 in
676 2541 785 2601 ordine
798 2541 839 2600 ad
857 2540 997 2620 regimen
1023 2539 1114 2600 unius

184 2632 338 2709 dioecesis
355 2632 472 2694 scilicet
492 2636 645 2712 quatenus
665 2637 711 2695 est
731 2633 800 2694 fons
817 2632 894 2712 legis
913 2633 1110 2708 dioeoesanae‚

184 2744 239 2786 seu
253 2724 332 2805 juris
350 2725 434 2804 quod
450 2725 598 2804 sioqclcre
613 2725 746 2787 dicimus
763 2725 901 2805 eoquod
919 2726 998 2786 lines
1021 2725 1113 2786 unius

184 2816 327 2879 dioecesis
340 2834 403 2877 non
416 2818 585 2896 egreditur.

225 2910 286 2972 Sed
302 2929 359 2988 pro
375 2910 519 2990 analogia
532 2929 601 2990 quae
618 2929 743 2990 semper
756 2911 824 2973 visa
839 2915 885 2973 est
896 2910 977 2972 inter
989 2910 1111 2973 divinas

184 3005 215 3064 et
225 3002 449 3064 ecclesiasticas
465 3002 684 3081 institutiones
705 3023 801 3084 quum
824 3004 959 3083 episcopi
977 3002 1111 3064 auotori-

182 3098 280 3156 tatem
291 3095 450 3175 regiminis
463 3094 606 3157 dioecesis
623 3096 680 3157 sibi
700 3097 807 3158 datam
821 3107 888 3159 esse
908 3098 1106 3172 censuerunt,

181 3187 226 3248 ita
240 3207 310 3247 eam
326 3190 515 3267 acceperunt
534 3191 568 3249 ut
585 3190 762 3251 sacerdotes
777 3190 827 3251 vel
842 3189 970 3250 clericos
989 3189 1021 3248 in
1038 3207 1108 3266 par-

98 3297 106 3310 ·
181 3283 244 3342 tem
258 3279 474 3341 sollicitudinis
488 3300 552 3344 suae
572 3283 773 3344 advocarent.
795 3283 884 3344 Unde
904 3281 1108 3362 quemadmo-

176 3371 257 3433 dum
274 3391 421 3450 suprema
439 3375 607 3440 auotoritas
624 3375 833 3437 ecclesiastica
852 3375 956 3436 divino
973 3375 1044 3454 jure
1062 3373 1107 3433 sio

180 3464 283 3528 fuerat
300 3464 441 3532 instituta
467 3468 502 3527 ut
526 3485 595 3532 eum
616 3466 772 3548 integram
796 3466 936 3546 haberet,
956 3466 1006 3528 vel
1024 3484 1105 3526 nnus
