2514 4014
179 261 217 324 16
388 273 615 324 0001000000
634 263 717 322 rums
738 275 891 324 onnonror.

130 477 132 482 .
178 439 287 485 omnes
301 439 386 499 oves,
401 421 487 482 nulla
500 421 583 483 faeta
595 421 745 501 temporis
761 422 812 484 vel
825 421 884 484 looi
905 420 1106 483 distinetione

179 514 276 595 (loon.
284 531 348 592 xxi,
358 517 407 591 15,
420 514 511 596 000),
520 515 715 595 etapostolos
727 514 811 577 misit
822 532 895 576 oum
909 512 1106 593 plenitudine

178 607 231 669 illa
240 607 401 687 potestatis
411 626 507 688 quam
516 608 583 687 ipse
594 626 615 669 a
626 611 717 671 Patre
730 607 850 688 aoeepit
861 607 957 688 (loon.
966 623 1018 683 xx,
1032 605 1102 686 11);

183 699 457 764 081001011011010
471 703 620 776 Ρο101,01
633 720 692 781 ego
705 702 793 764 mitto
808 719 875 764 vos.
891 722 905 758 u
924 700 980 781 (cf.
995 697 1101 776 Mota,

176 796 349 871 xxv111,18‚
364 793 426 874 19.)

217 887 269 948 lV.
293 889 361 949 Non
373 887 447 948 inde
463 886 607 948 oonoludi
628 890 731 966 potest
741 888 819 948 duas
831 888 1000 966 potestates
1013 884 1103 946 iude·

178 980 350 1060 pendentes
368 998 435 1042 esse
455 981 487 1040 10
505 979 653 1041 110010οἰ0.
680 982 755 1042 Duae
768 997 904 1060 nemque
918 979 1100 1058 potestates,

179 1074 238 1135 sub
250 1074 362 1136 eodem
374 1077 518 1153 respectu
532 1072 789 1153 independentes,
799 1072 899 1152 logice
911 1073 1101 1151 repugnant,

177 1185 235 1228 nee
256 1167 377 1246 0000101
403 1168 533 1246 0000001
551 1164 608 1226 nisi
634 1168 743 1228 mutuo
767 1165 990 1245 dependentes.
1011 1163 1103 1226 Unde

159 1279 160 1284 ¹
178 1277 242 1321 non
256 1259 371 1339 duplex
381 1262 519 1340 potestas
533 1258 747 1338 independens
762 1263 823 1335 001;
840 1259 896 1320 sed
911 1276 974 1319 una
988 1255 1104 1318 indivi-

177 1353 240 1415 dua
263 1353 386 1414 duobus
407 1352 554 1433 subjectis
576 1352 689 1414 0011010
711 1355 768 1430 001,
784 1369 919 1434 quorum
932 1369 1031 1412 00001
1053 1353 1104 1413 001

178 1463 312 1525 persona
323 1445 455 1524 physioa
465 1444 610 1524 (Petrus),
622 1445 767 1522 alterum,
783 1444 910 1506 moralis
923 1441 1102 1522 (eollegium

177 1556 289 1619 nempe
302 1537 516 1618 apostolorum
527 1555 600 1598 oum
612 1538 727 1618 Petro).

217 1633 413 1710 Quapropter
427 1629 664 1711 prasoindendo
680 1631 720 1693 ab
743 1630 821 1691 ideis
838 1630 1036 1710 politioorum
1051 1646 1102 1689 re-

176 1725 341 1806 giminum,
356 1722 518 1804 exquibus
531 1724 652 1784 nullum
670 1741 834 1804 possumus
849 1723 986 1808 reperire
999 1719 1101 1782 exem·

175 1819 263 1898 plum
278 1819 489 1895 opportunum
503 1816 544 1876 ad
557 1816 810 1897 investigandum
821 1816 997 1897 subjeetum
1008 1813 1102 1895 hujus

176 1927 331 1990 suprema
350 1909 522 1987 potestatis,
538 1909 579 1970 ad
593 1909 736 1971 altiorem
747 1913 864 1973 statum
875 1907 1102 1972 reeurrendum

137 2055 139 2058 .
176 2001 266 2064 nobis
281 2005 327 2064 est
347 2004 382 2063 ut
395 2002 587 2081 comparatio
602 2003 707 2084 aliqua
718 2003 836 2066 institui
855 2002 952 2082 possit
966 2020 1038 2063 oum
1052 2020 1102 2063 re-
1158 2079 1160 2082 Ι

176 2093 293 2175 gimine
308 2095 465 2156 Ecclesia.
480 2097 515 2155 10
531 2095 586 2157 SS.
601 2095 751 2158 'trinitate
769 2099 833 2158 tres
847 2095 1020 2176 reperimus
1032 2112 1101 2174 per-

176 2207 268 2250 sonas
289 2205 359 2268 000
374 2188 500 2268 plenam
524 2192 554 2251 et
574 2205 753 2268 supremam
767 2189 884 2250 habent
900 2191 1098 2268 potestatem,

175 2285 243 2343 1001
254 2280 384 2361 singulae
399 2281 568 2360 separatim
586 2286 718 2360 sumpta
736 2300 807 2344 0001
824 2280 984 2344 oolleetive
999 2280 1101 2342 eonsi-

176 2375 292 2436 deratae
302 2394 312 2454 ;Ι
327 2378 358 2436 01
370 2377 475 2436 tamen
490 2392 553 2436 non
574 2375 694 2436 0010101
708 2393 771 2436 una
785 2377 943 2454 potestas,
964 2373 1023 2434 nisi
1038 2392 1102 2434 una

174 2466 368 2528 monarchia.
385 2466 658 2538 Quemadmodum
669 2467 764 2547 igitur
774 2467 825 2528 hie
837 2484 899 2528 000
912 2465 1100 2546 multipliea-

175 2566 227 2623 tur
249 2562 397 2640 potestas,
420 2558 510 2621 itaet
530 2558 715 2621 101100100ἰο
737 2577 800 2620 000
821 2560 937 2639 duplex
957 2559 1013 2621 sed
1036 2577 1101 2620 una

174 2657 312 2732 potestas
323 2654 378 2713 est.
390 2650 441 2713 Sie
452 2651 579 2713 Sirioius
589 2652 622 2712 10
629 2652 725 2730 llpist.
738 2653 778 2712 ad
786 2653 888 2732 llpiso.
901 2652 1075 2715 Arelatens.
1089 2671 1096 2712 ε

174 2745 292 2809 11011011
306 2745 360 2807 SS.
378 2744 537 2807 Trinitatis
551 2745 702 2807 assimilat
713 2745 865 2808 unitatem
879 2745 1040 2826 potestatis
1051 2763 1100 2807 00

175 2837 367 2901 elesiastieae.

279 2991 293 3048 5
307 2996 344 3036 111.
359 3003 522 3036 unanimius
537 3005 703 3038 0000001001
715 3006 729 3037 n
743 3005 845 3040 casuro
859 3006 998 3040 00001000.

215 3115 252 3174 V.
276 3113 418 3175 Alterum
432 3113 606 3193 reperimus
627 3115 762 3194 gradum
777 3116 970 3180 auctoritatis
984 3117 1017 3178 in
1041 3119 1100 3179 Eo-

174 3205 269 3267 olesia
283 3206 431 3269 oollatum
453 3207 504 3269 vel
528 3207 580 3268 001
597 3210 709 3286 Petro,
725 3209 776 3270 vel
797 3211 1009 3289 apostolorum
1032 3211 1100 3272 uni·

173 3297 312 3360 versitati
334 3301 425 3361 Petro
452 3299 691 3378 cohaerentium,
707 3301 852 3365 videlioet
866 3303 994 3384 singulis
1008 3321 1101 3384 apos-

173 3391 255 3454 tolis.
266 3391 406 3470 Apostoli
415 3391 539 3453 enimin
551 3393 676 3473 negotio
687 3394 917 3474 pradioetionis
924 3396 1097 3476 Evangelii,

175 3483 366 3546 fundationis
391 3483 612 3562 Eeolesiarum,
630 3504 692 3548 non
716 3505 749 3548 aa
772 3491 936 3566 gesserunt
949 3492 1101 3569 tanquam
