2514 4014
366 281 478 330 norrea
500 281 651 330 sirenus
671 281 754 330 rans
776 281 931 330 canonici.
1074 273 1112 334 lt

219 427 410 507 Praesumpte
423 445 497 488 vero
507 427 683 489 dicitursed
697 427 818 507 legalis,
827 427 953 508 quando
968 446 1045 490 vera
1058 448 1114 492 ro·

176 521 282 583 luntas
301 520 454 599 principis
470 539 532 581 non
547 521 647 598 adest,
669 539 726 582 neo
747 540 903 600 expresse,
920 541 978 582 nec
1005 523 1111 600 tacite,

176 615 335 694 siquidem
350 613 496 692 princeps
517 614 649 675 fortasse
673 634 740 675 rem
764 614 905 694 ignorat3
921 634 976 676 seu
1000 615 1114 678 adsunt

176 708 316 769 rationes
330 709 363 767 et
384 707 503 768 motiva
528 727 566 767 ex
589 709 704 788 quibus
728 707 840 768 deduci
861 708 959 786 possit
981 710 1064 788 quod
1086 710 1112 770 si

176 801 324 880 princeps
339 800 372 860 id
392 799 495 876 sciret,
514 805 598 861 certe
618 801 824 880 approbaret:
842 801 879 878 si,
901 821 931 862 v.
947 821 991 880 g.,
1009 821 1112 864 mores

176 897 314 972 vergunt
328 893 360 952 in
371 892 537 976 utilitatem
551 893 747 972 reipublicae3
762 893 942 971 reipublice
958 895 1042 954 enim
1055 895 1112 956 uti-

176 987 247 1048 litas
261 985 294 1046 in
310 989 383 1047 voto
407 985 556 1064 principis
572 1005 640 1047 esse
655 987 760 1048 debet.
777 986 867 1048 Unde
887 1006 924 1046 ex
950 987 1011 1048 hoc
1028 989 1112 1067 quod

177 1079 249 1141 talis
272 1079 323 1139 vel
349 1078 420 1139 talis
446 1097 571 1139 morum
599 1080 739 1142 inductio
771 1080 811 1141 ad
839 1079 920 1140 hanc
948 1078 1112 1142 utilitatem

178 1171 322 1232 conferre
337 1171 387 1231 vel
401 1171 444 1230 illi
466 1170 627 1232 adversari
645 1172 845 1250 perhibetur,
873 1171 1041 1234 conformis
1062 1174 1112 1234 vel

177 1263 338 1325 contraria
358 1263 507 1342 principis
523 1265 675 1326 voluntati
690 1266 867 1344 reputanda
885 1270 955 1342 est,
978 1266 1112 1346 ideoque

177 1361 331 1436 tanquam
343 1357 446 1434 legem
460 1358 568 1418 valens
580 1358 755 1436 exprimere
770 1359 847 1420 vele
862 1358 1030 1422 contrario.

218 1451 317 1510 Porro
349 1448 417 1510 haec
441 1449 590 1528 principis
618 1451 763 1511 voluntas
798 1455 1009 1531 praesumpta,
1041 1469 1111 1531 quae

178 1541 375 1620 potissimum
387 1542 643 1603 consideraturin
653 1543 722 1623 lege
733 1563 796 1605 non
806 1544 933 1622 scripta,
942 1543 1110 1623 aliquando

179 1635 296 1712 magis,
316 1634 485 1715 aliquando
507 1636 611 1696 minus
638 1637 841 1715 praesumitur
863 1636 1033 1711 rescitur,
1063 1653 1112 1696 se-

180 1725 319 1788 cundum
336 1728 421 1807 quod
438 1727 632 1790 consuetudo
649 1730 790 1791 moribus
807 1729 930 1790 invecta
944 1727 1045 1807 magis
1062 1729 1112 1790 vel

180 1821 285 1881 minus
313 1840 333 1881 a
360 1820 483 1883 statutis
510 1822 633 1901 legibus
665 1823 889 1885 abhorrescere
916 1821 1109 1902 perhibetur.

180 1912 313 1974 Maniae
325 1913 396 1974 ideo
419 1915 620 1993 presumitur
634 1916 759 1996 quando
774 1934 878 1977 mores
889 1914 941 1995 jus
961 1915 1110 1994 scriptum

180 2007 427 2086 interpretantur
447 2006 554 2087 illique
579 2009 820 2071 obsecundant:
846 2011 893 2070 est
916 2008 999 2071 enim
1025 2009 1111 2089 prin-

181 2099 258 2177 cipis
287 2100 431 2161 voluntas
455 2119 514 2180 pro
529 2101 609 2181 juris
635 2102 882 2184 conservatione.
910 2101 1009 2162 Minoa
1036 2121 1110 2162 vero

181 2192 382 2272 praesumitur
404 2193 457 2253 ubi
480 2212 584 2254 mores
609 2195 727 2274 aliquid
749 2195 936 2256 contineant
962 2195 1048 2275 quod
1071 2195 1112 2256 sit

180 2289 297 2364 praeter
312 2285 375 2366 jus,
399 2286 455 2346 sed
475 2287 539 2368 juri
564 2293 753 2349 tamennon
780 2287 981 2350 contrarium.
1012 2287 1111 2348 Minas

179 2377 269 2437 etiam
283 2379 410 2458 quando
424 2398 527 2440 mores
540 2381 658 2460 aliquid
670 2381 829 2443 continent
835 2382 899 2462 juri
914 2381 1109 2443 antecedenti

180 2471 388 2545 eontrarium;
399 2474 473 2534 tunc
484 2473 567 2532 enim
578 2473 723 2535 voluntas
736 2474 885 2554 principis
900 2478 948 2534 est
961 2493 1018 2554 pro
1024 2473 1107 2554 jure,

181 2566 214 2624 et
228 2581 291 2624 non
305 2567 410 2642 potest
422 2566 606 2627 naturaliter
619 2567 764 2646 supponi.

221 2657 392 2735 Propterea
406 2662 567 2737 receptum
589 2663 636 2721 est
658 2659 754 2720 minus
777 2667 889 2739 ternpus
912 2659 1028 2739 requiri
1051 2679 1108 2738 pro

180 2750 405 2810 consuetudine
428 2751 582 2812 secandam
596 2752 668 2832 jue,
695 2753 792 2834 majas
809 2772 866 2830 pro
883 2752 1108 2816 consuetudine

174 2842 360 2922 proeterjus‚
376 2845 537 2904 marimum
553 2864 609 2924 pro
625 2845 849 2908 consuetudine
863 2849 972 2908 contra
983 2846 1045 2927 jus.

219 2935 257 2994 Et
280 2935 340 2996 hoc
365 2935 549 3016 intelligitur
573 2938 699 3018 quando
722 2939 771 2998 lex
794 2940 912 3000 nullam
928 2957 1108 3018 expressam

178 3027 369 3088 mentionem
382 3028 457 3091 facit
467 3031 507 3090 de
520 3032 756 3093 consuetudine.
775 3033 836 3094 Sed
850 3031 976 3113 quando
986 3030 1038 3112 jus
1055 3051 1107 3092 ex-

177 3137 285 3198 presse
309 3121 455 3199 prohibet
479 3124 712 3204 qualescunque
727 3124 968 3186 consuetudines
984 3127 1108 3186 contra-

177 3211 251 3288 riae,
274 3217 350 3273 tunc
372 3233 435 3275 non
456 3220 588 3294 possunt
607 3236 711 3279 mores
733 3218 850 3279 inducti
873 3221 984 3280 contra
1003 3219 1107 3300 legem

176 3305 291 3366 facere.
