2484 4016
351 301 392 348 au
411 300 542 350 omnam
562 301 645 350 ruma
667 301 822 350 amorra.
995 292 1054 354 m

162 449 216 511 Vl.
239 445 422 510 Haeserunt
438 448 544 508 autom
565 447 681 510 Gracia
698 447 818 528 antiqui
842 447 921 510 ritus
940 448 1055 530 quibus

119 541 302 603 utebantur.
319 539 383 602 Sed
394 539 490 602 etiam
504 541 589 620 apud
603 560 667 618 eos,
683 541 757 604 licet
771 559 833 602 uon
853 541 935 603 adsit
949 542 1055 626 aliqua

119 636 172 697 len
182 632 328 713 specialia
343 651 414 712 qua
428 633 547 713 obliget
561 633 691 696 clericos
704 635 737 696 iu
752 635 849 696 sacris
868 634 1055 717 constitutos

120 728 164 790 ad
185 725 326 790 efficium
346 725 487 788 divinum
508 727 760 805 persolvendum,
777 731 895 805 tamen,
911 730 945 791 ul
959 728 1055 792 habet

119 819 310 883 Benedictus
324 821 406 897 XIV,
420 820 641 882 constitutione
661 821 710 882 Eo
726 821 869 903 quomod,
890 827 1054 886 consuatu-
1152 827 1154 831 '
1240 793 1241 802 ἵ

120 913 195 976 dine
210 913 355 974 inolitum
369 916 417 976 est
430 917 465 976 ut
476 913 651 976 seeundum
665 915 809 994 proprios
826 915 915 994 ritus,
932 921 1001 979 tum
1021 916 1053 978 in

119 1005 261 1069 eeclesiis
275 998 510 1088 parochialibus
521 1007 573 1068 vel
584 1007 854 1086 conventualibus,
882 1009 904 1070 ii
926 1010 979 1090 qui
998 1011 1055 1072 be-

120 1099 269 1162 neficium
283 1099 438 1178 obtinent,
453 1099 601 1179 privatim
621 1101 733 1162 saitem
756 1101 894 1164 officium
913 1102 1054 1165 divinum

119 1193 314 1272 persolvant.
331 1195 392 1255 Pro
416 1193 533 1255 Graeois
555 1193 639 1256 Italis
653 1211 728 1256 vero
745 1193 797 1274 qui
817 1194 848 1255 in
869 1196 1055 1261 Calabriaet

121 1285 229 1348 Sicilia
243 1290 478 1368 commorantur
490 1287 579 1350 adest
603 1305 785 1366 expressum
804 1289 964 1352 Benedicti
983 1293 1054 1356 xiv

119 1383 314 1460 preceptum
328 1380 561 1461 (consttutioue
577 1379 649 1441 Etsi
657 1379 827 1460 pastoralia)
846 1385 881 1442 ut
895 1383 999 1445 cleriei
1020 1384 1053 1446 iu

117 1474 218 1536 meris
229 1473 389 1538 constituti
401 1473 539 1534 officium
549 1472 640 1553 juxta
655 1493 728 1534 suos
743 1473 820 1538 ritus
833 1475 972 1554 quotidie
981 1495 1054 1557 per-

117 1567 254 1629 solvant.

371 1673 426 1726 §u-
442 1683 473 1718 rur
487 1683 610 1717 cumr!
624 1683 804 1719 nmmos.

159 1779 227 1841 Vll.
252 1779 376 1840 Statum
402 1779 563 1842 caelibatus
586 1779 808 1842 matrimoniali
834 1782 1054 1861 perfectiorem

117 1891 188 1933 esse
203 1873 293 1932 extra
307 1872 560 1953 controversiam:
574 1876 621 1935 est
646 1873 860 1952 constitutum,
880 1895 921 1948 eu¹
932 1877 1051 1954 Paulo,

116 1982 129 2027 1
146 1967 232 2041 (lon,
247 1981 304 2026 vu.
317 1967 416 2027 Porro
426 1969 525 2028 status
536 1965 688 2027 clericalis
701 1968 747 2028 est
760 1969 859 2030 status
872 1969 978 2032 divino
991 1989 1054 2040 ser·

116 2058 196 2121 vilio
210 2059 421 2137 mancipatus,
435 2059 549 2120 divinis
559 2058 702 2120 addictus
711 2059 887 2142 ‚mysteriim
901 2081 976 2142 ergo
991 2082 1054 2126 nou

1 2165 2 2172 ’
115 2151 222 2232 potuit
251 2152 399 2214 Ecclesiae
429 2151 595 2232 disciplina
620 2171 683 2214 non
706 2153 814 2214 videre
840 2173 995 2218 summam
1023 2160 1055 2220 et

116 2245 292 2308 maximam
305 2245 491 2308 relationem
506 2246 588 2308 inter
601 2248 718 2308 statum
732 2245 910 2310 clericalem
924 2253 955 2313 et
969 2251 1054 2312 coeli-

115 2339 242 2415 batum,
253 2355 311 2398 nec
323 2339 426 2417 potuit
438 2357 500 2401 non
511 2356 625 2418 urgere
635 2342 670 2401 ut
680 2342 797 2419 quanto
811 2340 905 2403 altior
916 2345 947 2404 et
959 2344 1053 2405 subli-

115 2431 201 2494 mior
219 2432 267 2493 est
285 2431 404 2493 ordinis
425 2432 560 2513 gradus,
584 2451 647 2512 quo
668 2431 769 2512 magis
791 2432 897 2494 divino
926 2435 1052 2498 servitio

117 2524 276 2600 addictus,
296 2542 359 2602 quo
374 2524 547 2605 proximior
560 2515 672 2587 diuinis
687 2524 854 2605 mysteriis,
872 2543 909 2588 eo
921 2528 1054 2608 magisa

116 2617 321 2702 matrimonio
334 2609 514 2680 sitalienua

157 2711 221 2773 Sed
237 2712 306 2774 haec
315 2710 686 2792 prohibitiomatrimonii
698 2711 818 2774 clericis
830 2712 914 2776 iacta
923 2713 1052 2794 duplici-

115 2807 167 2866 ter
180 2809 284 2884 potest
306 2805 500 2868 considerari
518 2824 525 2866 :
541 2807 592 2866 vel
615 2805 647 2866 in
671 2805 780 2868 ordine
805 2805 846 2868 ed
865 2808 1052 2870 conuehen-

116 2897 195 2959 dum
206 2897 454 2976 matrimonium,
463 2899 513 2960 vel
528 2898 560 2960 in
574 2897 685 2960 ordine
696 2898 738 2959 ad
754 2917 847 2961 usum
861 2901 1052 2963 matrimonii

112 2989 184 3071 jam
205 2992 377 3067 contracti;
396 2995 428 3053 et
447 3009 520 3053 cum
541 2991 599 3052 sub
621 2995 754 3072 utroque
769 2998 914 3074 respectu
939 2994 1053 3056 eadem

116 3102 182 3146 non
196 3085 291 3147 fuerit
305 3084 471 3164 disciplina
479 3084 638 3163 Ecclesiae,
650 3084 820 3165 separatim
833 3104 901 3148 rem
911 3086 1052 3149 conside·

116 3177 270 3240 rabimus.

178 3313 196 3362 ¹.-
211 3315 240 3352 us
248 3312 345 3354 mutarn
356 3313 529 3354 certaminum
538 3311 611 3356 omne
618 3312 645 3352 rd
654 3313 820 3354 contrahendum
829 3313 992 3362 nummulum.

159 3420 239 3484 vlu.
253 3421 328 3485 Post
336 3422 497 3499 susceptos
506 3417 633 3490 ordines
641 3435 748 3484 sacros
762 3417 948 3500 etmajorea
960 3437 1052 3500 repe-

116 3512 219 3582 rimus
244 3513 399 3582 narona
422 3511 571 3580 uenena
593 3512 697 3594 legem
722 3511 948 3584 mercadus
970 3513 1050 3580 rora
