2546 4016
158 291 228 364 ,litt
358 301 604 350 rrsrnonoana
625 301 709 350 ruore
731 301 886 350 cononici.

207 451 238 511 8·
259 445 327 510 Non
340 445 481 530 finnutur
495 454 592 508 tracte
607 445 760 528 tmpore,
777 445 857 530 qnod
865 445 980 529 dejure
992 447 1029 510 ot
1044 447 1099 510 ce-

170 542 210 603 tio
230 561 287 604 neon
306 539 457 615 eidemin
480 539 560 624 qnod
577 540 662 602 initio
682 540 818 602 otiosam
845 549 898 618 eat,
925 561 983 603 reon
1002 549 1100 624 potest

168 642 266 696 tractu
281 633 418 716 temporie
431 634 633 696 concatenare.
651 633 803 714 Intellige,
820 635 845 696 si
860 653 910 697 res
922 639 1049 698 maneat
1066 635 1101 698 in

167 727 279 790 iisdem
292 727 444 806 terminis,
461 728 494 788 in
513 729 626 808 quibus
643 726 703 789 fuit
718 728 758 788 ab
777 727 865 790 initio
883 748 889 790 :
906 747 997 791 secus
1011 729 1036 790 si
1054 728 1101 790 illi

169 821 339 884 adveniant
361 821 467 884 omnia
485 820 662 883 necessaria
675 819 717 881 ad
731 821 881 884 valorem.
900 822 1008 885 Solum
1024 840 1102 902 ergo

167 917 293 995 tempus
325 933 363 975 ox
386 917 457 976 actu
484 913 622 976 invalido
644 931 707 976 non
734 914 810 976 fecit
832 915 991 989 validum3
1020 916 1104 976 bene
1177 949 1197 966 -
1256 907 1257 916 ’

169 1026 260 1086 vero,
281 1009 307 1070 ei
324 1012 438 1070 caetere
449 1006 626 1068 neccssaria
640 1025 712 1068 oum
723 1009 867 1086 tempore
882 1011 1078 1070 concurrant.

169 1121 171 1126 ·
209 1105 239 1164 9·
259 1099 383 1175 Scientt)
399 1107 428 1160 et
442 1099 632 1160 consentienti
641 1119 698 1160 non
712 1097 751 1182 fit
765 1099 889 1180 injurio,
904 1119 996 1182 neque
1007 1099 1101 1163 dolce.

171 1193 316 1256 Procedit
329 1193 362 1253 in
376 1192 481 1270 rebus,
494 1195 525 1255 et
542 1191 666 1274 juribus
686 1192 814 1272 privatis
831 1239 839 1272 ,
856 1193 970 1274 quibus
991 1194 1105 1274 aliquis

172 1287 283 1350 cedere
296 1289 408 1365 potest,
426 1303 489 1347 non
506 1285 539 1346 in
557 1285 628 1367 jure
649 1285 788 1365 publico,
812 1286 897 1366 quod
915 1287 1105 1368 priuatorum

166 1381 265 1462 poeto
271 1379 383 1441 matari
389 1399 446 1441 non
450 1386 559 1460 potest.
569 1379 620 1441 Sic
626 1379 756 1441 clericus
766 1379 941 1442 consentire
956 1381 1104 1462 nequitia

171 1475 373 1536 violationem
388 1472 520 1550 emtori,
537 1473 677 1550 canonis,
686 1472 915 1551 competentiae,
929 1476 1001 1553 etc,
1011 1473 1106 1536 meri-

172 1572 223 1631 tus
237 1567 270 1629 in
278 1567 481 1630 violationem
506 1566 600 1644 thori,
625 1565 802 1646 religiosus,
829 1567 977 1646 pupillae,
1003 1567 1108 1630 minor

173 1662 206 1722 in
217 1661 438 1723 alienationem
447 1677 553 1721 rerum
563 1677 702 1734 suarum.
717 1659 804 1722 Dices
815 1678 822 1719 :
835 1659 986 1738 christus,
1005 1662 1102 1724 ctSS.

173 1755 328 1834 martyres
342 1752 518 1816 voluntante
530 1755 756 1816 consenserunt
766 1753 798 1813 in
809 1756 1057 1831 mettensem,
1074 1757 1107 1814 et

174 1851 313 1910 attemen
332 1846 416 1907 fecte
437 1850 484 1907 eet
505 1846 549 1906 eie
565 1845 871 1926 injuriaatyrannis.
887 1849 924 1908 u.
942 1847 1019 1910 Dist.
1036 1849 1101 1909 ent.

174 1943 414 2016 consenserunt,
440 1939 664 2002 conformando
680 1957 713 2000 se
727 1939 890 2019 voluntati,
912 1943 943 2002 et
962 1939 1105 2004 charitati

174 2031 299 2111 divine,
315 2049 403 2094 cono.
417 2036 495 2108 ant.;
508 2031 724 2094 transferendo
734 2031 786 2114 jus
796 2033 882 2095 necis
895 2034 928 2094 in
940 2039 1104 2112 tyrannos,

175 2144 247 2206 neg.
263 2130 327 2189 ent.

215 2223 265 2281 10·
288 2218 360 2293 One
378 2239 398 2281 o
411 2220 484 2300 jure
504 2217 650 2282 mnenon
663 2216 842 2296 exorbitant,
865 2239 1047 2304 nequaqnam
1068 2219 1110 2283 ad

174 2313 405 2395 comaqncntiom
423 2320 491 2374 eunt
510 2311 662 2374 trotendo.
684 2313 735 2376 Sio
751 2313 950 2394 privilegium
968 2329 1104 2394 presen-

174 2405 261 2468 tandi
273 2405 360 2468 laicis
380 2423 564 2468 concessum
576 2423 640 2468 non
658 2405 755 2468 dehet
768 2407 851 2469 trahi
871 2407 912 2468 eol
928 2407 981 2488 jus
999 2407 1107 2472 inves-

174 2495 284 2578 tiendi,
304 2517 360 2562 eeu
380 2499 581 2576 instituendi,
599 2499 745 2580 eligendi,
766 2494 929 2581 judicandi
952 2501 991 2562 de
1012 2501 1107 2564 rebus

176 2593 399 2674 spiritualibus.
433 2593 485 2655 Sic
499 2592 594 2654 etiam
613 2591 777 2672 privilegia
798 2593 1108 2658 Itoclesiieconcese'a

176 2687 420 2750 contrahuntur
431 2685 472 2747 ed
489 2704 539 2746 res
553 2685 788 2764 patrimoniales
804 2687 990 2750 clericorum
1002 2688 1108 2770 quoad

176 2779 312 2842 formam
327 2778 495 2856 alienandi,
508 2777 561 2858 jus
575 2778 779 2842 restitutionis
791 2779 824 2840 in
843 2780 1020 2861 integrum,
1047 2786 1106 2868 ete,

218 2875 266 2936 ll·
289 2870 374 2947 Quod
384 2889 480 2934 omncs
499 2872 613 2952 torrent,¹
630 2871 713 2934 debet
729 2873 767 2934 ot
785 2873 917 2936 omnibns
937 2874 1107 2958 approbati.

162 2967 216 3030 lit
230 2966 359 3048 quidem
373 2964 398 3028 si
414 2983 523 3028 omnes
539 2968 649 3046 tangat
667 2968 703 3028 nt
720 2967 883 3030 universos
898 2969 956 3032 sub
982 2969 1109 3032 nomine

141 3129 143 3134 ,
177 3059 323 3140 collegii,
340 3059 434 3122 debet
448 3059 662 3140 capitulariter
674 3059 714 3121 ab
729 3059 885 3141 omnibus,
903 3062 963 3126 hoc
983 3063 1110 3144 regola-

176 3147 253 3216 riter
265 3173 284 3214 a
297 3153 409 3236 majori
424 3157 513 3232 parte
531 3153 716 3233 approbem
733 3154 758 3216 ei
779 3174 855 3219 vero
871 3174 979 3219 omnes
1000 3158 1110 3237 tangat

177 3248 215 3308 ut·
237 3246 388 3326 singuloS,
409 3245 579 3328 requiritur
602 3247 798 3328 singulorum
824 3267 1010 3326 eonsensum
1037 3265 1110 3314 oum

177 3337 249 3420 jure
265 3357 320 3402 suo
334 3357 426 3402 nemo
441 3341 553 3402 cedere
566 3343 721 3404 teneatur.

217 3435 267 3494 lu·
291 3429 827 3514 [selenendeterminationum?
837 3437 983 3502 Procedit
996 3435 1029 3500 in
1045 3437 1106 3518 nis,

178 3541 248 3606 quae
256 3524 451 3604 divisionem,
460 3526 1109 3608 descriptionemetseperetionemadmit·
