2484 4016
200 307 260 374 olo
429 326 659 384 rusmrunouas
679 327 762 375 runis
783 327 938 377 concuret

201 469 328 532 familia
340 488 396 532 seu
408 469 566 534 societatis
581 470 761 534 domestica
775 475 886 534 erecte
896 475 979 550 sunt,
997 490 1134 554 quarum

202 569 297 642 caput
311 563 429 640 abbas,
447 567 481 625 ut
495 563 596 642 prior,
612 568 643 625 et
657 564 750 625 etiam
775 565 1020 628 archimandrita
1037 585 1135 628 voca-

200 657 303 733 batur,
321 656 374 736 qni
389 656 421 718 in
436 657 609 718 monachos
628 657 754 718 familiae
769 677 833 720 suae
848 662 1035 738 potestatem
1045 660 1134 720 illam

201 749 378 828 explicabat
391 768 461 829 quae
482 750 727 828 patris-familias
743 755 810 812 erat
827 753 973 830 propria;
990 752 1133 832 ideoque

199 842 305 904 statim
318 861 365 921 ac,
375 842 736 921 monachorumplacito,
746 843 845 904 abbas
854 848 920 906 erat
929 845 1130 922 constituturi,

200 939 277 998 nutu
302 936 384 998 illius
402 935 508 996 omnia
527 953 596 1015 quae
614 936 654 996 ad
670 937 894 998 monasterium
915 937 1129 1016 pertinebant,

199 1029 400 1109 regebantur.

239 1125 313 1184 Haeo
327 1125 393 1183 tota
402 1122 584 1184 monasterii
595 1124 781 1201 oeconomia,
797 1123 937 1206 rego‘meu
950 1128 1045 1204 atque
1055 1143 1133 1186 con-

198 1215 306 1277 cordia
321 1215 423 1276 stabat
442 1215 474 1275 in
496 1209 535 1276 ea
549 1216 729 1278 obedientia
743 1236 838 1298 quam
861 1217 1006 1278 monachi
1022 1217 1132 1278 abbati

197 1327 254 1370 suo
263 1308 543 1370 servabant.Nulla
554 1309 638 1370 enim
649 1310 706 1371 luit
715 1311 746 1370 in
756 1308 920 1389 primitivis
932 1309 1134 1370 monasteriis

197 1402 324 1481 regula,
341 1401 391 1461 vel
406 1401 431 1462 si
446 1401 519 1478 fuit,
536 1407 608 1480 post
622 1402 792 1479 Basilinm,
809 1421 847 1462 ea
867 1402 898 1462 iu
917 1420 1013 1462 manu
1036 1421 1134 1480 supe-

197 1494 288 1557 rioris
302 1494 498 1571 servabatur,
517 1495 662 1575 illiusque
678 1500 756 1557 nutu
770 1495 1021 1556 modificabatur.
1038 1495 1134 1554 Nulla

198 1590 266 1650 erat
273 1586 482 1648 determinata
490 1587 655 1666 professio,
663 1589 750 1650 nulla
760 1591 844 1664 vota,
856 1588 1011 1667 quihusse
1019 1605 1134 1647 mona-

197 1680 248 1743 chi
256 1681 330 1740 huic
340 1679 412 1741 vita
421 1680 676 1759 obstringebant;
688 1681 743 1742 sed
752 1679 952 1760 professionis
960 1679 1045 1740 vices
1057 1698 1132 1758 age-

196 1774 252 1836 bat
266 1777 413 1835 constans
427 1773 598 1835 voluntatis
616 1775 824 1853 propositum,
848 1792 909 1854 quo
931 1791 965 1833 sc
979 1772 1130 1834 monachi

196 1866 336 1929 instituto
348 1867 390 1926 illi
409 1866 608 1929 addicebant.
623 1868 715 1928 Nulla
732 1867 940 1928 determinata
948 1865 1042 1926 vestis
1056 1883 1130 1944 spe-

197 1959 295 2036 cialis,
312 1959 365 2020 sed
384 1977 454 2038 quae
468 1964 536 2021 erat
548 1959 589 2020 ad
598 1960 786 2021 modestiam
800 1958 983 2038 composita.

235 2054 334 2114 Erant
347 2052 493 2113 monachi
512 2052 642 2131 quidam
651 2053 724 2113 laici
736 2072 774 2113 ex
786 2051 972 2128 christianis,
990 2049 1042 2130 qui
1059 2069 1130 2113 mo·
1223 2083 1224 2103 i

196 2145 285 2208 desta
298 2147 385 2206 veste
399 2145 511 2222 induti,
526 2145 558 2204 in
574 2144 757 2206 solitudines
772 2144 1003 2224 confugiebant,
1021 2147 1056 2204 ut
1070 2144 1126 2220 ihi,
1222 2173 1223 2201 l

193 2239 244 2300 vel
259 2237 395 2317 separati
415 2238 542 2299 omnino
558 2239 597 2298 ab
613 2237 698 2315 aliis,
716 2239 766 2299 vel
781 2237 973 2317 conjunctim
985 2236 1129 2298 viventes

193 2329 225 2392 iu
236 2330 341 2410 aliquo
356 2331 559 2407 monasterio,
576 2330 635 2391 suh
646 2334 721 2392 nutu
733 2330 913 2409 superioria,
931 2329 1129 2408 contempla·
1220 2387 1221 2399 ἢ

192 2423 266 2486 tivae
279 2423 352 2484 vite
368 2440 497 2501 operam
510 2423 641 2497 darent3
659 2441 716 2483 nec
729 2423 792 2484 alia
808 2422 984 2484 habebatur
998 2423 1125 2500 regula,
1219 2493 1220 2499 ἵ

193 2515 253 2578 nisi
269 2515 448 2578 obedientia
460 2515 565 2577 abbati
581 2515 731 2594 prestita.

234 2613 267 2670 4⁰
296 2611 450 2671 llxternus
482 2611 581 2672 status
608 2626 702 2688 quem
735 2608 895 2669 habebant
918 2606 967 2668 hae
998 2606 1125 2669 familiae

194 2720 301 2765 coram
310 2702 460 2782 Ecclesia,
474 2705 542 2763 erat
551 2705 651 2763 status
666 2701 811 2780 proprius
824 2700 989 2782 cujusdam
999 2700 1124 2780 collegii

193 2795 264 2856 laici
277 2814 284 2868 ;
300 2793 434 2874 ideoque
449 2798 601 2874 tanquam
619 2793 738 2855 laicalis
756 2793 993 2855 confraternitas
1008 2797 1040 2854 et
1053 2812 1126 2873 spe-

194 2887 272 2950 ciale
292 2887 458 2966 collegium
475 2887 869 2950 nonnullorumlaicornm
892 2886 1048 2964 dioecesiS,
1066 2887 1124 2948 sub

194 2981 330 3060 episcopi
351 2980 583 3060 jurisdictione,
600 2984 668 3042 erat
682 2980 884 3042 const'tutum
904 2979 1020 3059 atejus
1039 2998 1123 3042 curae

193 3073 319 3154 speciali
336 3074 601 3136 commendatum.
1213 3069 1214 3093 ¹

233 3168 297 3229 Vll.
316 3167 406 3239 Quod
416 3185 490 3228 vero
502 3171 623 3246 spectat
632 3166 673 3228 ad
687 3166 852 3228 utilitatem
867 3184 962 3245 quam
974 3167 1123 3228 Ecclesia

192 3260 315 3339 peperit
328 3260 388 3321 hoc
411 3259 538 3322 vivendi
554 3260 729 3322 institutum
750 3277 806 3338 per
828 3259 911 3320 hauc
935 3259 1120 3339 periodum,

193 3351 407 3414 consideratur
420 3357 487 3414 tum
499 3353 531 3413 in
546 3353 655 3415 ordine
665 3371 702 3413 ac
712 3352 849 3414 studium
863 3351 936 3414 vitae
951 3353 1121 3430 spiritualis

191 3448 222 3504 et
240 3449 424 3522 provectum
436 3446 521 3507 circa
534 3445 606 3507 ssdei
630 3446 792 3526 veritates,
814 3449 882 3508 tum
901 3445 933 3506 in
952 3445 1063 3508 ordine
1078 3446 1119 3508 ad

192 3535 379 3613 exemplum.
