2484 4016
356 325 395 370 nn
416 325 544 372 omscro
565 324 648 372 soors
669 324 825 374 cunonrcr.
998 311 1056 372 tlt

120 468 323 539 teiturclectis.
341 470 486 534 Membra
497 469 667 548 illiussunt
680 469 783 551 major
795 469 1055 550 poenitentiarius,

121 563 290 644 punientes
309 563 480 644 signatura
491 563 633 645 justitiae,
650 563 817 626 earffinalis
829 563 975 641 vicarius,
990 563 1058 624 alii-

124 675 187 740 que
204 658 381 728 cardinales
406 676 483 737 quos
511 657 607 736 clegit
627 663 753 720 sanctus
773 658 926 735 Pontifex,
941 657 1057 739 quiquo

124 751 290 832 pauciores
313 751 389 813 olim
412 770 479 812 esse
503 769 566 814 non
590 752 733 814 solebant
758 769 853 831 quam
879 751 1055 813 duodecim.

124 849 244 908 Praeter
264 845 322 906 hos
337 850 410 906 snnt
431 845 526 906 etiam
541 844 709 908 duodecim
729 845 861 923 praelati,
879 844 932 924 qui
946 846 1059 906 sutiru-

124 939 213 1018 gium
237 939 345 1000 ferunt
370 940 401 999 et
421 945 551 1000 ootoareo
572 937 728 1012 dicuntur,
746 940 780 998 et
798 942 872 999 sunt
890 937 988 1000 iidem
1004 938 1059 1016 qui

124 1035 232 1186 vloltum
251 1031 371 1093 hahent
395 1031 427 1093 in
442 1031 608 1110 signatura
625 1030 765 1112 justitiae.
782 1031 945 1094 Accedunt
963 1029 1059 1092 etiam

126 1143 146 1186 a
182 1171 189 1188 .

463 1253 675 1314 armentario
694 1257 724 1314 ll.

413 1413 447 1456 DE
465 1412 577 1458 osricus
595 1412 772 1456 efflictim.

166 1547 358 1611 clericorum
383 1547 486 1610 officia
509 1547 675 1629 dupliciter
695 1551 827 1630 possunt
841 1545 1057 1610 considerari:

125 1641 176 1705 vel
198 1641 302 1703 officia
326 1641 521 1722 singulorum
542 1642 729 1703 clericorum
743 1641 871 1722 propria
884 1639 998 1722 quibus
1015 1643 1062 1702 te-

124 1737 242 1798 nentur
254 1734 286 1794 in
302 1734 406 1814 specie
416 1735 537 1797 ratione
547 1735 685 1798 muneris
697 1734 840 1815 specialis
850 1752 911 1815 quo
924 1733 1061 1814 fungun-

124 1832 178 1890 tur
192 1829 225 1888 in
237 1825 389 1906 Ecclesia,
406 1828 456 1890 uel
469 1827 572 1890 officia
588 1828 727 1890 omnium
739 1827 924 1890 olorinorum
933 1826 1060 1908 propria

124 1921 160 1983 vi
173 1924 273 1982 status
293 1938 355 2001 quo
377 1939 485 1983 omnes
500 1921 532 1982 in
554 1939 611 1982 suo
628 1921 801 2002 respective
823 1917 924 2001 gradu
937 1918 1061 2000 partici-

125 2017 214 2095 pant.
234 2014 296 2077 Sed
311 2013 404 2093 primi
425 2013 549 2094 generis
564 2014 774 2094 investigatio,
791 2013 830 2075 de
843 2012 953 2075 officiis
975 2012 1061 2076 cleni-
1089 2089 1091 2091 Ι

125 2125 237 2170 corum
251 2106 283 2168 in
296 2107 410 2187 specie,
427 2107 555 2188 propria
565 2111 612 2170 est
625 2108 819 2170 tractationis
833 2105 976 2189 specialis
991 2123 1060 2186 quae

126 2217 243 2281 nempe
257 2199 428 2280 separatim
443 2201 622 2265 considerat
642 2200 746 2262 officia
766 2201 994 2282 episcoporum,
1011 2217 1063 2260 co-

82 2301 85 2307 '
126 2293 325 2371 noricorum,
341 2293 552 2373 parochorum
567 2296 598 2355 et
610 2293 742 2356 aliorum
756 2311 923 2355 munerum
936 2293 1061 2355 clerica-

125 2387 218 2464 lium,
238 2387 371 2467 ideoque
392 2387 555 2450 commode
577 2391 679 2468 potest
704 2385 928 2449 maturioribus
951 2385 1061 2447 stodiis

127 2480 295 2544 reservari.
325 2479 433 2542 Altera
447 2485 552 2543 autem
575 2499 673 2561 quum
687 2499 750 2542 non
771 2478 947 2541 consideret
958 2478 1062 2539 officia

129 2573 317 2638 clericorum
335 2572 368 2634 in
390 2578 543 2654 quantum
557 2577 631 2636 sunt
655 2573 760 2636 officia
783 2571 992 2652 singulorum,
1006 2569 1062 2632 sed

129 2664 235 2728 officio
244 2667 370 2747 propria
380 2671 478 2730 status
492 2667 643 2730 clericalis
654 2667 686 2729 in
700 2665 868 2746 communi,
884 2684 922 2726 ea
934 2664 1062 2744 propria

129 2764 178 2822 est
190 2760 354 2839 proesentis
368 2759 574 2824 tractationis.

458 2921 565 2972 CAPUT
579 2920 717 2975 PRIMUM.

286 3059 320 3101 DE
334 3059 448 3102 onr1c11s
468 3061 575 3102 OMNIUM
592 3061 761 3104 onnu1conoll
779 3061 909 3103 PROPRilS.

170 3182 195 3246 1.
220 3181 283 3246 Sed
303 3183 334 3242 et
349 3179 418 3259 ipse
433 3183 532 3244 status
545 3180 696 3242 clericalis
708 3181 874 3259 dupliciter
886 3178 1037 3260 accipitur
1052 3200 1059 3242 :

130 3277 164 3338 in
176 3293 303 3356 genere,
319 3274 370 3336 vel
391 3275 423 3335 in
445 3273 558 3353 specie.
575 3275 624 3336 Ad
638 3273 775 3354 primum
791 3278 935 3352 spectant
954 3291 1064 3336 omnes

131 3368 292 3434 christiani
309 3369 349 3430 ab
366 3385 403 3430 eo
417 3367 467 3430 die
480 3385 544 3447 qno
555 3385 612 3446 per
627 3368 801 3428 solemnem
812 3365 996 3446 capillorum
1011 3368 1064 3428 de-

129 3460 310 3526 tonsionem
328 3463 360 3523 et
372 3460 522 3522 clericalis
537 3459 632 3522 vestis
651 3459 848 3538 impositione
861 3460 901 3522 ab
915 3459 1062 3540 episcopo

131 3554 339 3642 suscipiendis
359 3553 520 3620 ordinibus
544 3553 715 3620 initiantur.
732 3555 777 3616 Ex
798 3573 835 3617 eo
856 3553 940 3616 enim
958 3554 1008 3616 die
1031 3555 1063 3618 in
