2514 4014
331 303 439 357 icarus
462 307 715 357 seuerissimis
738 305 891 356 cenoman
1040 287 1075 356 al

142 452 196 513 illo
210 453 242 512 in
257 453 430 514 Occidente
448 452 532 531 quod
548 452 605 512 sub
626 451 742 513 Urbani
758 454 798 515 vl
819 453 1001 531 pontificatu
1021 451 1080 511 ini-

144 546 222 608 tium
235 544 382 623 sumpsit.
400 547 497 606 Porro
511 545 575 606 sive
589 545 750 606 translatio
763 545 939 606 residentia
952 545 1080 606 Pontifi-

147 657 217 698 cum
227 637 397 714 Arenioni,
409 639 475 699 sive
487 638 618 698 dubium
633 637 672 697 de
687 637 845 698 Pontificis
857 657 992 717 persona
1002 637 1080 697 nihil

146 735 230 793 certe
240 731 452 792 minuebatde
463 730 798 792 intrinseeaPcntifieis
808 732 1010 804 auctoritate;
1024 730 1079 791 sed

146 827 317 903 utrumque
327 823 536 885 imminuebat
549 823 728 901 opinionem
739 825 932 885 auctoritatis
946 824 1076 902 papalis

148 916 312 996 Siquidem
328 919 359 978 et
369 915 509 993 ipsorum
522 917 736 976 Romanorum
747 917 932 978 Pontificum
945 917 1080 995 dignitas

19 1017 25 1026 '
147 1029 202 1070 seu
222 1009 375 1087 splendor
398 1008 592 1070 auctoritatis
613 1028 707 1088 quam
729 1011 897 1088 gerebant,
917 1009 1081 1070 videbatur

146 1102 229 1178 urbi,
246 1101 338 1181 cujus
355 1101 482 1162 t'tulum
498 1101 708 1181 episcopalem
722 1121 779 1180 per
794 1121 826 1163 se
842 1103 998 1178 ferebant,
1014 1100 1081 1161 alli-

147 1199 237 1274 gata;
255 1192 389 1254 dubium
406 1213 481 1256 vero
497 1195 536 1254 de
550 1213 685 1272 persone
703 1195 861 1256 Pontificis
879 1195 1033 1255 efficiebat
1047 1196 1081 1253 ut

147 1287 307 1348 Pontificio
330 1286 445 1364 placita
470 1306 532 1348 non
553 1283 643 1348 facile
670 1288 810 1349 obtinere
830 1288 949 1367 possint
972 1305 1082 1347 execu-

148 1382 278 1442 tionem.

181 1473 280 1542 ,Unde
294 1477 460 1551 coeperunt
473 1473 640 1551 principeS,
655 1473 824 1553 aliquando
839 1478 926 1534 motu
941 1473 1079 1552 proprio,

150 1565 1078 1645 aliquandoannuenteipsoPontificevelpseudo-pontifice,

150 1678 217 1720 sese
233 1657 412 1718 immiscere
436 1659 567 1736 negotiis
588 1658 734 1719 Ecclesiae
755 1661 789 1718 ut
807 1656 934 1733 turbas,
960 1661 1081 1716 exortas

151 1751 316 1814 occasione
326 1739 557 1829 competitionis
568 1751 652 1812 sedis
660 1750 1092 1830 apostolicaeaduobusPcn-'

151 1846 364 1922 tificibus,per
375 1844 593 1905 auctoritatem
604 1863 693 1904 suam
703 1844 813 1904 sedare
824 1848 1039 1923 procurarent.

190 1937 305 1999 Addite
316 1940 507 2015 propagatos
520 1937 652 1998 Wiclefii
666 1939 682 2000 J
686 1935 857 2016 oannisque
870 1940 936 1998 Hus
946 1954 1078 2012 evorea,

153 2030 203 2110 qui
216 2029 336 2108 pariter
349 2029 542 2106 impetebant
564 2030 740 2090 clericalem
759 2030 957 2109 dignitatem,
977 2048 1083 2090 sacro-

152 2142 285 2206 rumque
302 2122 376 2202 jura
393 2125 425 2182 et
449 2141 574 2183 omnem
599 2123 745 2184 llcclesiae
767 2123 994 2184 auctoritatem.
1018 2123 1083 2183 Ad-

153 2216 215 2278 dite
242 2218 369 2291 natum,
391 2225 462 2276 saec.
478 2217 565 2292 XVI,
583 2216 708 2277 Henriei
732 2216 800 2278 Vlll
821 2235 931 2295 opera,
947 2216 1083 2276 schisma

153 2309 372 2387 anglicanum
395 2326 491 2386 opera
518 2327 593 2370 vero
618 2309 763 2385 Lutheri,
792 2309 925 2386 Caluini,
953 2308 1082 2386 Zwingli

154 2402 361 2480 aliorumque,
380 2401 623 2480 protestantismi
646 2401 800 2462 haeresim.
820 2402 891 2463 Sive
907 2402 990 2462 enim
1007 2399 1082 2460 illud

154 2493 301 2571 schisma,
316 2495 380 2555 sive
395 2494 463 2555 haec
481 2494 619 2572 haeresia,
636 2495 669 2554 in
684 2494 733 2555 his
749 2495 871 2556 duobus
887 2494 1083 2573 potissimum

154 2591 337 2647 concertare
351 2587 419 2648 visa
429 2591 501 2648 sunt
515 2588 778 2649 etauctoritatem
792 2587 937 2649 Ecclesia
955 2587 1084 2646 subver-
1162 2611 1166 2619 ·

116 2680 118 2685 ’
155 2683 258 2741 terent
277 2683 309 2740 et
327 2680 503 2759 principum
528 2684 713 2760 potestatem
738 2662 769 2740 in
790 2699 840 2741 res
859 2678 1084 2740 ecclesiasticas

156 2773 340 2834 extollerent
354 2777 386 2834 et
400 2775 631 2835 confirmarent.

195 2866 319 2926 Saeculo
338 2866 414 2926 item
430 2867 512 2928 XVll
528 2866 726 2946 jansenistae,
744 2868 975 2946 quodammodo
991 2866 1084 2926 redu·
1196 2884 1197 2887 ¹

156 2961 261 3018 centes
275 2957 308 3017 in
323 2962 462 3036 systema
476 2977 596 3021 errores
615 2963 816 3037 novatorum,
835 2980 891 3020 seu
910 2976 1085 3038 proponen-

156 3054 201 3110 tes
216 3051 329 3111 eadem
345 3050 498 3130 principia
519 3053 577 3112 sub
594 3057 722 3130 aspectu
740 3053 840 3132 magis
855 3051 1093 3132 philosophice,¹

157 3144 462 3224 ecclesiasticamque
480 3145 712 3222 auctoritatem,
730 3164 791 3224 quo
813 3149 959 3224 poterant
977 3144 1082 3221 modo,

157 3237 377 3315 exspoliantes
395 3257 433 3297 ex
449 3239 548 3299 altera
562 3243 650 3317 parte
665 3239 842 3317 principum
868 3239 1086 3302 auctoritatem

157 3330 240 3390 cirea
255 3349 346 3391 sacra
365 3331 550 3391 confirmare
566 3333 767 3409 studuerunt,
785 3331 828 3393 ita
842 3351 954 3411 nempe
970 3339 1004 3395 ut
1017 3351 1086 3411 pas-

156 3425 262 3483 torum
290 3422 500 3484 ecclesiastica
526 3423 694 3488 auctoritas
724 3429 873 3508 tanquam
899 3445 919 3488 a
945 3423 1085 3504 principe

156 3515 241 3582 facta
251 3513 406 3598 delegatio
421 3515 600 3585 haberetur·

247 3635 310 3692 rou.
331 3639 350 3683 1.
963 3621 980 3692 l
