2512 4012
70 395 78 400 .
164 317 222 380 m
330 349 332 355 ·
382 327 613 378 marrrurronns
632 328 717 376 soris
735 327 891 376 adsentor.

164 475 257 558 priter
270 473 361 536 Serri
372 471 490 536 Palatii
500 452 662 552 apostolici
670 505 710 525 η-
720 472 769 535 eui
781 471 848 554 jem
857 471 898 534 eb
908 471 1102 553 antiquitate

165 567 363 648 competebat
376 566 489 628 revisio
503 566 656 628 librorum
671 565 913 628 edendorum-
924 566 1004 628 aiter
1017 584 1102 628 vero

166 659 268 725 dietus
285 659 514 723 Commiseerius.

207 755 268 818 Sed
280 773 352 817 seeo.
370 756 450 832 XVI,
468 772 565 834 quum
576 753 679 832 erupit
696 753 825 816 haeresis
837 754 1037 830 novatorum,
1053 752 1105 814 vi-

168 868 237 911 sum
259 851 306 910 est
334 846 481 927 expedire
506 846 531 908 si
556 846 701 928 quaedem
724 846 926 926 congregatio
953 845 1105 924 specialis

167 943 274 1004 Romae
296 940 510 1002 institueretur
527 941 681 1020 tanquam
699 958 881 1017 supremum
902 937 1042 1000 tribunal
1067 939 1102 1002 S.

167 1033 386 1116 inquisitionis,
402 1033 452 1095 oni
461 1034 625 1096 subessent
634 1032 801 1094 ordinatim
815 1031 920 1095 omnia
929 1031 1108 1093 tribunalia
1231 1031 1232 1116 i

167 1128 309 1212 ejusdem
321 1126 439 1189 ordinis
454 1126 486 1186 in
501 1125 681 1205 provinciis.
698 1127 807 1206 Itaque
823 1125 939 1187 Paulus
952 1125 1005 1202 Ill,
1028 1143 1105 1187 eon·
1231 1125 1232 1174 t

168 1220 326 1282 stitutione
353 1217 446 1297 Licet,
477 1222 566 1296 tete,
602 1237 658 1280 sen
683 1218 858 1280 oerdinales
890 1217 1024 1280 instituit
1048 1219 1106 1300 qui

168 1311 350 1395 hujusmodi
371 1331 556 1392 supremum
577 1311 715 1374 bibunrd
739 1310 973 1374 constituerent.
1000 1313 1107 1391 Super

169 1406 315 1468 eamdem
330 1404 556 1468 institutionem
573 1405 796 1466 laboraverunt
810 1407 976 1484 sequentes
994 1403 1107 1466 Ponti-

167 1501 242 1562 fices
254 1517 354 1580 usque
369 1498 409 1558 ad
429 1499 550 1560 Sixtum
570 1499 608 1574 V,
624 1497 688 1577 qui,
706 1497 925 1560 constitutione
938 1497 1104 1574 Immerito,

168 1593 278 1654 ultimo
292 1609 362 1652 sem
373 1591 518 1671 persenit,
531 1590 786 1672 ordinarismque
795 1597 826 1652 et
835 1594 1021 1670 perpetuam
1031 1591 1107 1653 red·

169 1685 259 1748 didit.
1231 1733 1232 1736 ,

210 1779 338 1842 Constat
350 1776 447 1858 igitur
464 1776 532 1840 haeo
551 1776 755 1857 congregatio
783 1796 791 1838 ε
812 1810 853 1824 -
874 1776 1016 1856 pluribus
1035 1795 1108 1839 osr-

172 1871 327 1961 dinaiibus
348 1871 389 1932 ad
405 1868 529 1932 libitum
543 1871 633 1932 Rom.
652 1869 811 1932 Pontifieis
827 1870 945 1948 eiectis,
969 1887 1108 1950 quorum

173 1963 242 2043 ipse
257 1981 356 2043 perse
371 1963 554 2042 praefectum
570 1963 635 2043 agit
647 1982 698 2038 3-
709 1963 851 2043 pluribus
861 1963 1106 2041 consultoribus,
1231 1989 1232 2052 ἐ

175 2073 403 2136 saepennmero
418 2055 566 2134 praelatis,
581 2075 620 2117 ex
637 2055 747 2118 ordine
768 2057 819 2118 vel
837 2056 1032 2136 regularium
1054 2057 1107 2118 rel
1231 2063 1232 2112 3

171 2149 362 2212 seoulerium
377 2147 562 2210 elericorum
577 2147 694 2226 eleotis,
712 2168 847 2229 quorum
866 2156 913 2212 est
926 2168 1019 2211 suum
1033 2168 1107 2213 oon-

174 2241 290 2318 silium‚
306 2241 336 2302 in
352 2240 578 2321 quaestionibus
590 2241 822 2304 huiotribunali
836 2243 1013 2322 propositis,
1031 2261 1107 2322 snp-
1231 2257 1232 2316 t

171 2334 502 2415 peditam-*demum
512 2335 654 2415 pluribus
664 2335 866 2414 administris,
879 2336 1106 2416 quorumprin·

173 2447 246 2509 seps
263 2433 310 2493 est
321 2428 469 2507 praelatus
484 2428 535 2489 ille
550 2429 603 2508 qui
620 2427 735 2490 dieitur
744 2449 867 2490 essenos
883 2429 980 2490 saneti
996 2429 1104 2510 officii,
1231 2453 1232 2512 3

172 2522 225 2603 qui
237 2526 285 2584 est
296 2512 393 2583 veluti
407 2521 575 2601 primarius
588 2521 786 2584 consiliarius
801 2522 895 2603 hujus
912 2539 1009 2584 saeros
1033 2541 1106 2584 oon·
1231 2527 1232 2588 t

172 2615 384 2696 gregationis3
410 2614 463 2694 qui
496 2613 612 2676 assistit
640 2614 706 2692 iili,
729 2615 844 2677 dieitur
873 2615 1103 2692 commissarius,

173 2708 226 2788 qni
242 2727 280 2769 ex
294 2708 404 2769 ordine
419 2706 666 2770 Praedieetorum
680 2707 817 2788 eligitur,
837 2715 868 2770 et
886 2712 932 2772 est
945 2707 1041 2770 veluti
1052 2707 1106 2789 ju·

172 2801 233 2861 dex
250 2799 427 2860 ordinarius
447 2798 480 2858 in
495 2799 720 2878 questionibus
735 2799 808 2862 huie
825 2819 1105 2881 seoraoeongrege-
1231 2839 1232 2876 p

173 2891 251 2956 tioni
266 2890 444 2970 propositis
467 2891 583 2970 quiquo
608 2892 750 2970 pluribus
770 2894 938 2976 adjuvetur
955 2894 1105 2956 ministris
1231 2915 1232 2938 ³

173 2982 381 3060 seeunderiis‚
396 2983 538 3045 ‘notariis
562 2987 594 3046 et
621 2985 701 3064 aliis,
729 2987 782 3067 qui
809 2987 1021 3050 interveniunt
1046 3005 1103 3066 pro

174 3076 317 3140 examine
332 3093 469 3154 reorum,
486 3094 543 3156 pro
554 3076 744 3140 instruendis
756 3079 964 3159 processibus,
983 3084 1042 3144 eto.

214 3171 295 3231 XIX.
309 3173 341 3230 2⁰
356 3167 550 3250 Conpreqotio
562 3168 696 3233 Consilii.
710 3173 1104 3236 GonoiliumTridentinum

174 3281 271 3344 quum
284 3262 414 3325 vidisset
433 3261 539 3324 omnia
553 3263 598 3325 sio
612 3282 673 3325 non
691 3284 782 3345 posse
804 3266 1005 3328 determinari
1029 3267 1104 3347 quin

174 3356 280 3436 alique
322 3355 534 3420 deelaratione
577 3356 773 3438 indigerent,
812 3360 949 3421 sessione
985 3363 1024 3422 25
1065 3359 1103 3420 de
1231 3401 1232 3406 η

175 3450 326 3525 Reform,
348 3449 408 3510 sub
419 3451 521 3530 eapite
535 3451 576 3510 de
590 3451 777 3530 reeipiendis
787 3456 819 3514 et
830 3453 1035 3515 observandis
1049 3453 1104 3515 de-

175 3539 278 3636 oretis,
300 3557 367 3602 rem
382 3541 562 3604 universam
577 3543 708 3607 eontulit
721 3544 753 3606 in
767 3543 862 3608 iidem
877 3547 1009 3610 nonant
1022 3548 1103 3610 Pon·
1231 3569 1232 3626 i
