2484 4016
149 277 207 362 all
353 290 582 340 rnsnrnrronas
602 292 686 350 rums
712 290 866 340 canonici.

147 433 224 504 alias
239 433 374 498 feminas
397 435 437 497 de
455 435 582 498 illorum
603 437 710 514 ductu,
731 434 877 498 suasione
891 437 922 496 et
936 432 1085 512 consilio,

147 527 282 590 femineo
306 529 394 590 sexui
417 529 590 609 applicasse
610 529 753 592 instituta
769 547 839 609 qnae
859 527 904 588 illi
926 546 984 607 pro
1006 526 1086 588 viris

146 626 392 700 proposuerant,
417 626 472 684 aut
495 622 619 684 illorum
640 623 813 684 imitatione
834 639 932 683 novos
952 619 1083 688 ordines

147 713 326 792 instituisse,
338 718 393 790 aut
404 719 525 776 veteres
535 716 731 777 reformasse.

185 807 203 868 J
206 823 257 866 am
270 810 345 868 tunc
357 807 388 868 in
398 808 549 887 primaeva
563 809 692 888 periodo
702 808 773 869 vitm
786 807 948 886 regularia,
957 806 1015 867 sub
1029 825 1083 868 so·

147 899 404 962 roribusdntonii
414 902 784 981 etPacomii,reperimus
794 899 1082 961 monasteriasanc-

146 992 353 1054 limoniatinm
369 1014 439 1074 quae
454 1013 531 1056 voce
547 995 712 1075 egyptiaca
727 1012 831 1056 uouere
847 993 1025 1077 dictasunt.
1042 995 1081 1054 ln

147 1085 295 1162 secunda,
311 1087 481 1149 Scolastica
496 1090 527 1150 S.
547 1088 709 1150 Benedicti
722 1106 812 1150 soror
833 1086 1018 1150 traducebat
1037 1085 1081 1146 ad

146 1177 277 1239 feminas
296 1179 472 1242 institutum
494 1181 738 1243 benedictinum.
753 1182 799 1242 lta
819 1180 851 1241 in
865 1179 968 1256 tertia,
982 1197 1083 1256 opera
1122 1184 1128 1192 '

147 1271 196 1332 S¹⁸
208 1271 305 1334 Glarae
319 1273 565 1351 Assisinatensis,
577 1275 719 1336 instituta
728 1271 940 1334 mendicantia
953 1273 1084 1332 fuerunt

145 1364 268 1424 leminis
289 1363 455 1444 applicata}
474 1369 617 1445 Domum,
637 1370 671 1428 ut
689 1366 728 1427 de
748 1366 815 1426 aliis
829 1369 990 1427 taceamus
1007 1383 1081 1444 quae

147 1456 250 1537 aliquo
264 1458 359 1519 modu
371 1458 411 1519 ad
421 1458 553 1520 feminas
568 1461 662 1521 etiam
673 1459 817 1522 traducta
826 1463 909 1535 sunt,
921 1458 953 1518 in
968 1456 1082 1518 ultima

144 1549 1083 1631 periodoAngelaBrixiensisinstituebatordinemUrsulina-

145 1662 226 1720 rum,
244 1643 296 1724 qui
307 1663 364 1724 per
384 1645 519 1707 activam
533 1665 629 1726 quam
642 1645 849 1724 profitebatur
860 1643 933 1705 vitae
953 1643 1083 1705 institu-

145 1736 273 1814 tionem,
287 1737 472 1800 clericorum
482 1738 675 1818 regularium
688 1757 793 1799 mores
804 1738 942 1799 imitatus
955 1739 1013 1798 est.
1028 1735 1082 1799 Sic

147 1829 242 1890 etium
264 1830 354 1905 sicuti
374 1830 520 1892 blandior
541 1835 649 1893 secuta
672 1837 719 1892 est
737 1830 901 1910 disciplina
925 1828 1081 1909 regularis

146 1916 303 2001 pro'viris,
318 1924 363 1984 ita
376 1927 408 1986 ot
419 1942 474 2002 pro
494 1921 617 1985 feminis
632 1925 701 2003 plus
714 1924 817 1986 minus
831 1923 916 1984 idem
930 1923 1078 1996 obtinuit,

183 2016 221 2077 ll.
245 2016 307 2077 Sed
329 2017 444 2078 adsunt
460 2016 606 2097 qnaedam
620 2017 805 2078 differentia
818 2015 954 2094 propriae
972 2021 1004 2078 et
1018 2016 1081 2076 sin·

145 2107 269 2186 gulares
289 2127 359 2188 quae
377 2110 542 2170 mulierum
558 2111 750 2172 consortiae
771 2108 909 2170 virorum
930 2107 1081 2170 institutis

146 2206 298 2279 perpetuo
314 2201 542 2266 distinxerunt:

186 2297 216 2356 1ο
236 2293 308 2355 Vita
322 2294 506 2358 heremitica
524 2314 581 2376 pro
605 2295 686 2357 virili
706 2315 782 2357 sexu
800 2300 946 2375 suscepta
967 2296 1009 2357 ad
1023 2295 1080 2357 im-

144 2387 288 2449 becillem
305 2407 414 2448 sexum
428 2388 587 2450 rarissime
602 2390 748 2451 traducta
767 2393 833 2463 est;
850 2389 934 2450 unde
952 2389 1017 2450 vita
1030 2407 1080 2449 re-

144 2479 262 2560 gularis
285 2499 342 2559 pro
372 2481 496 2542 lerninis
521 2482 579 2543 fuit
600 2482 757 2544 ordinario
782 2481 987 2558 coenobitica,
1016 2500 1080 2542 non

145 2571 337 2634 heremitica.
356 2575 395 2635 llt
409 2579 578 2655 antequam
594 2575 740 2636 coenobia
755 2575 933 2651 fundarent,
951 2573 1079 2654 virgini·

144 2669 252 2742 tatem,
269 2684 364 2746 qnam
378 2669 441 2727 Deo
463 2671 631 2744 voverant,
649 2667 753 2746 potius
769 2667 854 2729 domi
868 2685 964 2747 qnam
978 2666 1010 2727 in
1026 2667 1077 2727 de-

145 2762 226 2820 serto
241 2760 418 2821 servabant.

107 2875 112 2884 ·
185 2855 217 2914 2⁰
238 2850 309 2912 vita
322 2852 424 2914 activa
438 2869 500 2914 non
511 2853 569 2915 nisi
579 2871 649 2914 sero
661 2856 693 2914 et
705 2853 812 2916 indae
826 2854 936 2916 ultima
946 2851 1077 2933 periodo

144 2944 343 3006 traducteest
353 2945 543 3023 adtaminas,
554 2944 1074 3026 primoabipsaAngelaBrixiensi,

146 3043 177 3098 et
189 3040 356 3099 secundos
370 3041 477 3100 sancto
493 3039 655 3100 Vincentio
669 3057 687 3099 a
701 3039 809 3118 Paulo,
822 3045 881 3101 etc.

183 3133 215 3192 3⁰
236 3131 406 3194 Clericatus
420 3132 560 3216 virorum
575 3132 720 3210 proprius
739 3151 801 3194 non
815 3133 917 3212 potuit
931 3132 972 3193 ad
985 3130 1076 3192 femi·

145 3241 202 3284 nas
212 3224 343 3287 traduci.
353 3225 442 3288 Unde
452 3224 597 3286 adinstar
606 3226 836 3305 primitivorum
848 3226 1077 3288 monachorum

145 3316 347 3396 indiguerunt
369 3317 481 3381 elerico
500 3318 552 3398 qui
574 3318 618 3379 eis
638 3336 730 3380 sacre
752 3317 879 3380 faceret.
903 3319 1021 3382 Verum
1044 3321 1077 3380 et

144 3408 221 3485 ipsae
236 3411 339 3488 quoad
361 3415 542 3490 potuerunt,
559 3411 742 3474 clericatum
758 3411 985 3474 monachorum
1007 3410 1076 3472 imi·

145 3503 217 3557 tatae
238 3503 326 3572 sunt;
351 3506 543 3580 quapropter
568 3503 693 3566 familia
716 3504 898 3566 monialium
920 3504 1074 3567 distinctae
