2514 4014
324 297 431 346 scaea
452 297 605 346 arcanus
625 297 708 346 suus
729 295 885 346 ιιιιοιιιιι.
1033 281 1074 342 lt

175 443 217 503 11.
241 442 316 502 Esto
340 439 437 519 igitur
462 439 547 520 quod
575 441 744 504 auctoritas
768 439 916 502 Ecclesia
940 439 981 501 sit
1002 439 1073 500 fons

133 535 303 613 proximus
314 533 393 612 legis
408 533 626 595 ecclesiastica
636 553 643 596 :
655 534 712 594 sad
724 533 875 613 quaritur
886 551 984 612 penas
993 549 1071 612 qnos

135 627 311 696 auctoritas
325 626 366 687 sit
377 627 483 706 legum
495 625 698 688 ferendarum
711 627 743 688 in
758 626 920 689 Ecclesia?

176 719 312 800 Agimus
324 719 376 779 hic
389 719 428 780 de
442 719 577 797 positiva
588 723 683 800 atque
697 719 927 800 supernaturali
949 719 1072 779 institu-

134 814 241 886 tione;
264 830 340 891 ergo
364 830 427 874 non
451 812 582 873 theoriis
610 811 739 890 apricri
755 831 793 873 ex
813 829 877 872 una
893 816 992 890 parte,
1014 829 1072 872 nec

135 905 290 984 exemplis
305 904 500 966 naturalibus
524 923 563 964 ex
584 905 683 966 altera
704 905 918 984 argumentari
931 904 1014 965 licet.
1031 906 1073 965 Ut

137 998 272 1080 quaestio
285 997 463 1074 definiatur,
476 997 594 1075 pendet
604 1015 656 1057 res
667 1015 704 1058 ex
717 997 878 1060 voluntate
888 994 1073 1058 institutoris

136 1090 298 1154 Ecclesiae.
317 1092 364 1151 lta
378 1093 425 1154 est
440 1089 536 1170 igitur
550 1090 681 1170 quaestio
699 1110 706 1152 z
731 1107 877 1170 quaenam
895 1107 992 1152 causa
1006 1089 1073 1150 eiii·

138 1184 225 1244 ciens
240 1183 349 1262 legum
365 1201 384 1242 a
398 1183 530 1244 Domino
545 1182 578 1243 in
592 1183 733 1244 Ecclesia
746 1183 786 1244 sit
798 1182 961 1245 instituta?

178 1279 246 1336 Hoc
258 1279 294 1336 ut
304 1276 424 1336 clarum
437 1277 503 1352 flat,
527 1275 588 1336 tria
602 1276 773 1355 quaerenda
785 1279 877 1338 sunt:
894 1275 923 1354 a)
945 1275 978 1336 in
993 1293 1074 1355 quos

137 1369 285 1432 Ghristus—
308 1369 506 1430 constituerit
530 1387 710 1448 supremam
735 1370 956 1431 auctoritatem
974 1368 1075 1430 eccle·

138 1462 313 1536 siasticam3
329 1461 362 1541 h)
378 1481 419 1522 an
433 1466 549 1540 prator
562 1481 745 1540 supremum
757 1461 953 1524 auctoritatis
974 1462 1074 1523 eccle-

138 1555 272 1617 siasttcae
283 1555 430 1634 gradum,
439 1555 490 1616 alii
499 1573 519 1614 a
528 1555 649 1616 Christo
657 1555 690 1617 in
698 1555 838 1616 Ecclesia
844 1555 975 1616 instituti
983 1557 1071 1625 sunt;

138 1647 171 1726 c)
183 1667 234 1724 an,
252 1647 371 1709 intacta
384 1647 497 1708 Christi
509 1647 713 1724 institutione,
730 1647 784 1708 alii
797 1646 992 1708 auctoritatis
1004 1664 1074 1725 gra-

138 1741 200 1802 dus
222 1741 263 1801 ah
277 1741 347 1824 ipsa
363 1739 503 1802 Ecclesia
516 1740 633 1802 fuerint
647 1739 790 1802 instituti.
808 1738 975 1818 Explicatis
989 1738 1075 1818 hisce

139 1833 377 1913 questionibus,
385 1833 587 1912 perspicuum
599 1833 659 1896 erit
673 1853 692 1895 a
705 1851 768 1915 quo
783 1834 868 1896 fonte
883 1832 915 1894 in
928 1835 1074 1896 concreto

137 1925 190 1987 lex
202 1925 416 1988 ecclesiastica
428 1925 593 1988 habeatur.

240 2085 299 2142 §11-
315 2096 348 2128 ιιι
359 2095 495 2136 οιοοιιοιιιι
509 2097 629 2130 suranna
642 2093 815 2130 aumoarraru
825 2095 852 2128 ιιι
867 2095 981 2130 nemun,

180 2207 233 2266 ΙΙΙ.
257 2207 329 2266 lem
354 2221 429 2266 vero
444 2223 464 2266 a
478 2205 602 2266 Christo
628 2206 708 2266 duos
719 2205 815 2266 fnisse
829 2203 987 2268 institutos
1001 2223 1076 2266 auc-

139 2297 277 2360 toritatis
289 2297 408 2376 gratim
420 2298 553 2374 scimea,
570 2299 704 2360 alterum
715 2317 908 2377 supremum,
925 2298 1076 2377 indepen-

141 2390 280 2466 dentem,
296 2390 430 2451 alterum
440 2390 671 2469 dependentem
687 2395 719 2452 et
732 2391 925 2452 inferiorem.

183 2484 374 2560 Supremam
403 2484 598 2545 auctoritatis
621 2483 757 2562 gradum
780 2483 912 2546 contulit
936 2483 1077 2545 Christus

142 2580 211 2638 tum
225 2577 279 2636 uni
292 2593 435 2655 persona
451 2576 613 2656 singulari,
626 2595 739 2656 nempe
751 2579 856 2652 Petro,
865 2579 934 2636 tum
942 2576 995 2637 uni
1008 2595 1078 2654 per·

143 2687 229 2730 sona
242 2669 366 2745 morali,
379 2687 492 2748 nempe
506 2670 639 2748 collegio
651 2671 867 2750 apostolorum
879 2687 952 2730 cum
966 2671 1074 2742 Petro;

145 2761 230 2842 qnod
245 2760 402 2841 colligitur
416 2781 454 2822 ex
469 2763 565 2824 Math.
580 2779 645 2838 xvc,
661 2763 766 2842 quoad
783 2761 918 2841 primam
938 2763 1079 2824 collatio·

143 2872 232 2917 nem:
249 2875 263 2910 ιι
277 2855 346 2916 'libi
362 2855 443 2916 daho
458 2857 561 2917 claves
574 2855 663 2934 regni
679 2856 841 2916 coelorum.
855 2855 894 2917 Et
906 2855 1079 2936 quodcum-

145 2966 207 3028 que
220 2947 369 3026 ligaveris
394 2967 489 3028 super
503 2953 631 3025 terram,
647 2948 708 3010 erit
725 2948 856 3027 ligatum
870 2951 901 3008 et
915 2947 947 3008 in
969 2947 1056 3008 coelis
1070 2968 1076 3008 :

145 3043 178 3101 et
188 3041 410 3120 quodcumque
423 3041 553 3102 solveris
570 3060 664 3119 super
678 3045 807 3117 terram,
824 3041 883 3102 erit
895 3040 1034 3101 solutum
1048 3043 1079 3100 et

145 3132 177 3194 in
191 3132 314 3194 coelis.»
330 3134 369 3194 Et
381 3135 485 3213 quoad
501 3135 633 3196 alteram
647 3153 685 3194 ex
700 3134 812 3195 eodem
825 3135 913 3195 Matt.
922 3149 1011 3209 avla,
1023 3136 1077 3196 18:

151 3227 389 3305 «Quacumque
404 3227 607 3306 alligaveritis
619 3245 713 3305 super
725 3230 853 3302 terram,
873 3229 967 3288 erunt
982 3226 1081 3306 ligata

146 3323 177 3380 et
189 3319 223 3380 in
238 3319 318 3380 coelo
342 3339 349 3380 ε
377 3324 410 3382 et
430 3340 637 3402 quaecumque
657 3319 813 3381 solveritis
831 3337 927 3400 super
949 3323 1078 3398 terram,

146 3415 239 3473 amnt
250 3411 355 3473 soluta
368 3413 444 3475 etin
459 3415 550 3476 coelo.
576 3435 591 3472 n
620 3413 710 3476 Unde
726 3413 923 3475 acherontea
944 3414 985 3475 ad
999 3413 1081 3474 hane

148 3503 399 3583 promissionem,
407 3506 549 3570 Christus
560 3510 591 3570 et
600 3506 653 3568 uni
666 3508 757 3567 Petro
767 3505 900 3568 credidit
908 3505 1082 3583 pascendas
