2512 4012
162 254 218 314 198
371 267 599 313 rnsrrrunonus
619 269 702 315 runis
725 269 877 315 canonici.

162 410 279 472 Deinde
303 409 434 470 facultas
460 427 512 470 eos
539 410 674 490 eligendi
700 413 741 472 ad
754 411 836 474 solos
864 411 1095 473 cathedralium

162 502 328 565 canonicos
351 502 479 564 redacta
501 502 574 576 fuit3
600 504 727 564 tandem
752 506 884 565 Romani
911 505 1092 579 PontificeS,

160 596 232 657 inde
247 614 266 655 a
280 595 437 656 Clemente
453 597 503 671 V,
519 600 682 674 coeperunt
695 596 752 657 sibi
768 617 930 659 reservare
946 597 1097 657 nomina·

160 688 277 752 tionem
304 688 345 748 ad
370 688 522 766 quosdam
538 689 627 748 sedes
643 689 845 767 episcopales.
869 689 988 750 Nostris
1013 708 1095 749 vero

161 780 370 860 temporihuS,
389 775 559 840 nominatio
579 780 631 840 illa
653 800 709 859 per
732 783 879 859 specialia
900 782 1096 843 concordata

163 875 398 936 determinatur.

204 967 407 1049 Confinnctic.
422 966 647 1044 Episcoporum
662 967 755 1028 hodie
768 987 830 1028 non
841 967 949 1028 abalic
964 985 1057 1046 quarn
1073 987 1096 1027 a

163 1063 302 1122 Romano
329 1058 478 1119 Pontifice
500 1061 603 1136 potest
622 1059 690 1118 fieri
706 1080 712 1120 :
729 1061 862 1120 formato
884 1077 1030 1137 processu
1051 1059 1094 1118 de

161 1153 226 1214 vita
250 1154 281 1211 et
294 1145 433 1211 moribus
451 1151 749 1229 promovendorum,
770 1152 975 1232 praeconatio
997 1152 1033 1211 fit
1057 1151 1094 1209 in

161 1245 262 1324 primo
284 1242 477 1319 consistorio,
505 1261 574 1321 quae
590 1243 690 1304 vicem
713 1245 870 1306 electionis
891 1244 996 1320 habet,
1014 1242 1094 1303 etin

74 1379 76 1385 ,
161 1335 298 1398 secundo
320 1335 503 1396 consistorio
527 1337 562 1396 fit
581 1336 679 1410 altera
696 1336 925 1415 praeconisatio,
943 1353 1012 1415 quac
1026 1335 1094 1395 vim

162 1430 258 1491 hahet
269 1427 525 1490 confirmationis.

202 1522 252 1584 Sic
273 1521 389 1581 electus
415 1523 445 1582 et
464 1521 612 1581 canonice
636 1523 837 1582 confirmatus
852 1521 982 1599 integrae
995 1520 1095 1600 juris-

162 1613 304 1677 dictionis
318 1615 471 1692 potestate
487 1613 591 1674 statim
606 1615 715 1691 pollet,
736 1618 766 1674 et
781 1617 900 1692 potest,
918 1613 1093 1674 secundum

158 1709 209 1788 jus
225 1706 309 1787 quod
321 1706 349 1765 ei
362 1706 521 1784 competit,
538 1705 692 1766 rationem
707 1705 984 1768 administrationis
998 1705 1092 1766 officii

162 1801 285 1879 exigere
311 1817 329 1858 a
355 1799 472 1859 vicario
497 1799 671 1877 capitulari,
697 1802 838 1877 tempore
853 1799 935 1859 sedis
951 1796 1091 1860 vacantis

162 1893 340 1966 constituto,
358 1893 389 1950 et
403 1890 427 1949 si
443 1909 514 1950 reus
530 1891 714 1968 reperiatur,
728 1891 849 1970 punire.

200 1985 336 2045 'leuetur
356 1986 461 2043 tamen
476 1983 677 2044 confirmatus
694 1983 777 2044 intra
788 1988 851 2045 tres
863 2003 987 2044 menses
1003 2002 1022 2042 a
1040 1983 1092 2043 die

161 2075 404 2138 confirmationis
426 2093 540 2134 munus
557 2076 777 2136 cancerationis
792 2097 856 2137 suae
879 2095 1013 2153 sumere,
1033 2076 1092 2136 suh

161 2188 255 2249 poena
263 2167 439 2228 amissionis
447 2167 621 2240 fructuum;
638 2172 669 2228 et
679 2169 703 2227 si
713 2169 796 2230 intra
805 2174 869 2230 tres
880 2169 957 2230 alios
968 2187 1092 2228 menses

53 2253 66 2270 '
106 2295 108 2301 =
160 2262 192 2322 id
216 2279 278 2321 non
304 2260 490 2338 impleverit,
512 2260 651 2320 Ecclesia
676 2264 706 2321 et
730 2263 912 2340 episcopatu
934 2262 1001 2340 ipso
1019 2261 1092 2340 jure

161 2354 311 2434 privatur.
324 2352 521 2415 consecratio
537 2371 600 2412 non
613 2353 707 2414 dehet
722 2355 820 2416 fieria
834 2355 947 2414 minori
961 2372 1094 2414 numero

162 2465 257 2527 quam
279 2445 375 2506 trium
398 2445 636 2524 episcopcrum,
662 2447 772 2507 saltem
802 2447 986 2508 necessitate
1011 2464 1095 2524 prae-

162 2539 253 2619 cepti.

201 2635 341 2694 Potestas
359 2630 507 2709 episcopi,
526 2647 595 2708 quaa
609 2633 656 2692 est
667 2632 882 2710 subordinata,
899 2635 1003 2710 potest
1020 2621 1104 2692 oonss

160 2725 290 2786 siderari
307 2743 314 2783 :
331 2727 360 2783 1θ
387 2723 491 2803 quoad
504 2722 674 2801 quaestiones
694 2724 785 2807 fidei,
809 2745 864 2786 seu
884 2726 989 2806 quoad
1007 2725 1095 2803 leges

160 2816 362 2896 dogmaticas.
380 2814 492 2892 Liquet
507 2833 545 2873 ex
558 2815 647 2876 dictis
661 2818 699 2878 de
712 2819 869 2897 personali
882 2817 1095 2896 praerogativa

161 2907 387 2971 infallibilitatis
407 2907 439 2965 in
465 2909 500 2966 R.
520 2907 554 2967 P.
583 2911 614 2968 et
637 2910 729 2970 simul
744 2930 781 2970 ex
795 2912 865 2988 ipsa
878 2915 992 2972 natura
1006 2908 1092 2985 fidei,

162 3004 343 3083 episcopum
357 3018 421 3061 non
431 3014 522 3077 posse
539 2999 669 3063 definire
683 3003 870 3083 quaestiones
885 3004 925 3064 ad,
941 3003 1013 3063 fidei
1022 3003 1094 3063 doc-

160 3098 275 3160 trinam
288 3093 490 3174 pertinentes
517 3094 582 3153 Imo
598 3113 662 3155 non
681 3096 786 3173 debet,
810 3101 844 3158 ut
870 3096 914 3157 ait
941 3095 1095 3157 Benedic-

162 3193 211 3250 tus
224 3190 292 3250 XIV
310 3187 354 3267 (in
362 3188 454 3246 tract.
468 3184 506 3244 de
524 3203 592 3263 syn.
612 3187 730 3268 dioec),
748 3189 806 3250 sibi
822 3207 971 3268 arrogare
989 3191 1094 3267 partes

158 3280 274 3363 judicis
301 3279 383 3341 inter
410 3275 612 3358 gravissimos
635 3280 798 3364 theologos
813 3301 936 3356 ‚secum
967 3283 1095 3344 conten-

163 3375 282 3435 dentes

200 3465 275 3526 Inde
292 3462 358 3541 jam
378 3463 519 3541 sequitur
536 3465 718 3545 episcopum
737 3487 800 3529 ncn
822 3467 939 3528 habere
959 3469 1095 3545 potesta·

1246 3451 1248 3546 l
