<?xml version="1.0" encoding="UTF-8"?>
<!DOCTYPE html PUBLIC "-//W3C//DTD XHTML 1.0 Transitional//EN"
    "http://www.w3.org/TR/xhtml1/DTD/xhtml1-transitional.dtd">
<html xmlns="http://www.w3.org/1999/xhtml" xml:lang="en" lang="en">
 <head>
  <title>
</title>
<meta http-equiv="Content-Type" content="text/html;charset=utf-8" />
  <meta name='ocr-system' content='tesseract 3.04.00' />
  <meta name='ocr-capabilities' content='ocr_page ocr_carea ocr_par ocr_line ocrx_word'/>
</head>
<body>
  <div class='ocr_page' id='page_1' title='image "./institutionesju02marigoog_0175.png"; bbox 0 0 2546 4016; ppageno 0'>
   <div class='ocr_carea' id='block_1_1' title="bbox 87 289 920 368">
    <p class='ocr_par' dir='ltr' id='par_1_1' title="bbox 87 289 920 368">
     <span class='ocr_line' id='line_1_1' title="bbox 87 289 920 368; baseline -0.012 -17"><span class='ocrx_word' id='word_1_1' title='bbox 87 319 89 324; x_wconf 89' lang='lat'><em>·</em></span> <span class='ocrx_word' id='word_1_2' title='bbox 167 289 234 368; x_wconf 64' lang='lat'><strong>168</strong></span> <span class='ocrx_word' id='word_1_3' title='bbox 384 297 615 348; x_wconf 79' lang='lat' dir='ltr'><strong>rusurrurrouas</strong></span> <span class='ocrx_word' id='word_1_4' title='bbox 636 297 719 346; x_wconf 76' lang='lat' dir='ltr'><strong>suus</strong></span> <span class='ocrx_word' id='word_1_5' title='bbox 741 294 920 346; x_wconf 72' lang='lat' dir='ltr'><strong>cercuros·</strong></span> 
     </span>
    </p>
   </div>
   <div class='ocr_carea' id='block_1_2' title="bbox 175 439 1116 1361">
    <p class='ocr_par' dir='ltr' id='par_1_2' title="bbox 175 439 1116 1361">
     <span class='ocr_line' id='line_1_2' title="bbox 175 439 1114 528; baseline -0.007 -17"><span class='ocrx_word' id='word_1_6' title='bbox 175 447 310 511; x_wconf 79' lang='lat' dir='ltr'>maxime</span> <span class='ocrx_word' id='word_1_7' title='bbox 324 445 387 526; x_wconf 85' lang='lat' dir='ltr'><strong>pie,</strong></span> <span class='ocrx_word' id='word_1_8' title='bbox 403 444 459 508; x_wconf 89' lang='lat' dir='ltr'><strong>etsi</strong></span> <span class='ocrx_word' id='word_1_9' title='bbox 470 439 695 528; x_wconf 84' lang='lat' dir='ltr'><strong>testamentum</strong></span> <span class='ocrx_word' id='word_1_10' title='bbox 709 442 749 506; x_wconf 90' lang='lat' dir='ltr'><strong>sit</strong></span> <span class='ocrx_word' id='word_1_11' title='bbox 761 442 935 506; x_wconf 85' lang='lat' dir='ltr'><strong>invalidum</strong></span> <span class='ocrx_word' id='word_1_12' title='bbox 954 460 991 504; x_wconf 84' lang='lat' dir='ltr'><strong>ex</strong></span> <span class='ocrx_word' id='word_1_13' title='bbox 1013 457 1114 506; x_wconf 80' lang='lat' dir='ltr'><strong>cansa</strong></span> 
     </span>
     <span class='ocr_line' id='line_1_3' title="bbox 176 537 1054 621; baseline -0.007 -19"><span class='ocrx_word' id='word_1_14' title='bbox 176 538 416 621; x_wconf 76' lang='lat' dir='ltr'><strong>preteriuonis,</strong></span> <span class='ocrx_word' id='word_1_15' title='bbox 433 541 487 600; x_wconf 89' lang='lat' dir='ltr'><strong>aut</strong></span> <span class='ocrx_word' id='word_1_16' title='bbox 501 537 766 600; x_wconf 79' lang='lat' dir='ltr'><strong>exheredationis.</strong></span> <span class='ocrx_word' id='word_1_17' title='bbox 1051 613 1054 619; x_wconf 24' lang='grc' dir='ltr'>Ι</span> 
     </span>
     <span class='ocr_line' id='line_1_4' title="bbox 216 627 1113 711; baseline -0.002 -17"><span class='ocrx_word' id='word_1_18' title='bbox 216 635 265 694; x_wconf 80' lang='lat' dir='ltr'><strong>lb·</strong></span> <span class='ocrx_word' id='word_1_19' title='bbox 288 631 346 706; x_wconf 79' lang='lat' dir='ltr'><strong>(lui</strong></span> <span class='ocrx_word' id='word_1_20' title='bbox 359 639 434 694; x_wconf 76' lang='lat' dir='ltr'><strong>tecet</strong></span> <span class='ocrx_word' id='word_1_21' title='bbox 447 631 607 694; x_wconf 70' lang='lat' dir='ltr'><strong>conectere</strong></span> <span class='ocrx_word' id='word_1_22' title='bbox 620 630 746 694; x_wconf 82' lang='lat' dir='ltr'><strong>videtur.</strong></span> <span class='ocrx_word' id='word_1_23' title='bbox 764 629 845 692; x_wconf 87' lang='lat' dir='ltr'>Alibi</span> <span class='ocrx_word' id='word_1_24' title='bbox 864 649 870 690; x_wconf 93' lang='lat'>:</span> <span class='ocrx_word' id='word_1_25' title='bbox 888 627 936 704; x_wconf 82' lang='lat' dir='ltr'><strong>Is,</strong></span> <span class='ocrx_word' id='word_1_26' title='bbox 952 629 1010 711; x_wconf 78' lang='lat' dir='ltr'><strong>qui</strong></span> <span class='ocrx_word' id='word_1_27' title='bbox 1022 636 1113 708; x_wconf 84' lang='lat' dir='ltr'><strong>locet,</strong></span> 
     </span>
     <span class='ocr_line' id='line_1_5' title="bbox 176 721 1115 806; baseline -0.004 -18"><span class='ocrx_word' id='word_1_28' title='bbox 176 745 232 788; x_wconf 81' lang='lat' dir='ltr'><strong>ccc</strong></span> <span class='ocrx_word' id='word_1_29' title='bbox 245 724 371 805; x_wconf 83' lang='lat' dir='ltr'><strong>fatetur,</strong></span> <span class='ocrx_word' id='word_1_30' title='bbox 387 724 438 786; x_wconf 83' lang='lat' dir='ltr'><strong>sed</strong></span> <span class='ocrx_word' id='word_1_31' title='bbox 445 744 496 786; x_wconf 82' lang='lat' dir='ltr'><strong>occ</strong></span> <span class='ocrx_word' id='word_1_32' title='bbox 506 724 607 806; x_wconf 81' lang='lat' dir='ltr'><strong>utique</strong></span> <span class='ocrx_word' id='word_1_33' title='bbox 617 743 724 805; x_wconf 68' lang='lat' dir='ltr'><strong>copore</strong></span> <span class='ocrx_word' id='word_1_34' title='bbox 736 721 861 784; x_wconf 83' lang='lat' dir='ltr'><strong>uidetur.</strong></span> <span class='ocrx_word' id='word_1_35' title='bbox 872 722 918 782; x_wconf 82' lang='lat' dir='ltr'><strong>Ex</strong></span> <span class='ocrx_word' id='word_1_36' title='bbox 931 721 1025 782; x_wconf 88' lang='lat' dir='ltr'><strong>variis</strong></span> <span class='ocrx_word' id='word_1_37' title='bbox 1038 741 1115 784; x_wconf 88' lang='lat' dir='ltr'><strong>con-</strong></span> 
     </span>
     <span class='ocr_line' id='line_1_6' title="bbox 178 817 1116 897; baseline -0.004 -17"><span class='ocrx_word' id='word_1_38' title='bbox 178 818 385 882; x_wconf 86' lang='lat' dir='ltr'><strong>ciliationibus</strong></span> <span class='ocrx_word' id='word_1_39' title='bbox 398 820 462 880; x_wconf 84' lang='lat' dir='ltr'><strong>DD.</strong></span> <span class='ocrx_word' id='word_1_40' title='bbox 475 817 525 879; x_wconf 83' lang='lat' dir='ltr'><strong>hae</strong></span> <span class='ocrx_word' id='word_1_41' title='bbox 537 817 638 897; x_wconf 83' lang='lat' dir='ltr'><strong>magis</strong></span> <span class='ocrx_word' id='word_1_42' title='bbox 648 817 773 896; x_wconf 83' lang='lat' dir='ltr'><strong>placent</strong></span> <span class='ocrx_word' id='word_1_43' title='bbox 790 835 796 877; x_wconf 93' lang='lat'>:</span> <span class='ocrx_word' id='word_1_44' title='bbox 814 817 839 877; x_wconf 90' lang='grc' dir='ltr'><strong>Ι.</strong></span> <span class='ocrx_word' id='word_1_45' title='bbox 851 817 972 876; x_wconf 80' lang='lat' dir='ltr'><strong>&#39;locens</strong></span> <span class='ocrx_word' id='word_1_46' title='bbox 981 833 1116 877; x_wconf 88' lang='lat' dir='ltr'><strong>consen·</strong></span> 
     </span>
     <span class='ocr_line' id='line_1_7' title="bbox 177 907 1112 988; baseline -0.006 -14"><span class='ocrx_word' id='word_1_47' title='bbox 177 912 235 974; x_wconf 87' lang='lat' dir='ltr'><strong>tire</strong></span> <span class='ocrx_word' id='word_1_48' title='bbox 250 911 375 974; x_wconf 88' lang='lat' dir='ltr'><strong>videtur</strong></span> <span class='ocrx_word' id='word_1_49' title='bbox 388 911 420 972; x_wconf 87' lang='lat' dir='ltr'><strong>in</strong></span> <span class='ocrx_word' id='word_1_50' title='bbox 435 909 530 972; x_wconf 90' lang='lat' dir='ltr'><strong>meris</strong></span> <span class='ocrx_word' id='word_1_51' title='bbox 543 908 779 986; x_wconf 82' lang='lat' dir='ltr'><strong>favorabilibus,</strong></span> <span class='ocrx_word' id='word_1_52' title='bbox 798 926 868 988; x_wconf 80' lang='lat' dir='ltr'><strong>quae</strong></span> <span class='ocrx_word' id='word_1_53' title='bbox 883 907 1003 970; x_wconf 92' lang='lat' dir='ltr'><strong>nullum</strong></span> <span class='ocrx_word' id='word_1_54' title='bbox 1019 926 1112 982; x_wconf 90' lang='lat' dir='ltr'><strong>onus,</strong></span> 
     </span>
     <span class='ocr_line' id='line_1_8' title="bbox 178 999 1116 1085; baseline -0.005 -18"><span class='ocrx_word' id='word_1_55' title='bbox 178 1009 210 1067; x_wconf 88' lang='lat' dir='ltr'><strong>et</strong></span> <span class='ocrx_word' id='word_1_56' title='bbox 223 1023 393 1085; x_wconf 76' lang='lat' dir='ltr'><strong>gravamen</strong></span> <span class='ocrx_word' id='word_1_57' title='bbox 411 1002 527 1065; x_wconf 85' lang='lat' dir='ltr'><strong>tacenti</strong></span> <span class='ocrx_word' id='word_1_58' title='bbox 541 1004 676 1064; x_wconf 84' lang='lat' dir='ltr'><strong>afferunt</strong></span> <span class='ocrx_word' id='word_1_59' title='bbox 693 1021 699 1063; x_wconf 94' lang='lat'><strong>:</strong></span> <span class='ocrx_word' id='word_1_60' title='bbox 716 1019 790 1064; x_wconf 82' lang='lat' dir='ltr'><strong>nam</strong></span> <span class='ocrx_word' id='word_1_61' title='bbox 804 1000 935 1080; x_wconf 87' lang='lat' dir='ltr'><strong>quisque</strong></span> <span class='ocrx_word' id='word_1_62' title='bbox 948 999 1116 1080; x_wconf 84' lang='lat' dir='ltr'><strong>praesumi-</strong></span> 
     </span>
     <span class='ocr_line' id='line_1_9' title="bbox 178 1092 1116 1160; baseline -0.006 0"><span class='ocrx_word' id='word_1_63' title='bbox 178 1103 230 1160; x_wconf 91' lang='lat' dir='ltr'><strong>tur</strong></span> <span class='ocrx_word' id='word_1_64' title='bbox 243 1099 323 1159; x_wconf 89' lang='lat' dir='ltr'><strong>velle</strong></span> <span class='ocrx_word' id='word_1_65' title='bbox 339 1115 430 1158; x_wconf 88' lang='lat' dir='ltr'><strong>suum</strong></span> <span class='ocrx_word' id='word_1_66' title='bbox 444 1095 573 1157; x_wconf 86' lang='lat' dir='ltr'><strong>bonum.</strong></span> <span class='ocrx_word' id='word_1_67' title='bbox 584 1097 622 1157; x_wconf 88' lang='grc' dir='ltr'><strong>ΙΙ.</strong></span> <span class='ocrx_word' id='word_1_68' title='bbox 636 1097 756 1157; x_wconf 82' lang='lat' dir='ltr'><strong>&#39;lucens</strong></span> <span class='ocrx_word' id='word_1_69' title='bbox 769 1112 831 1156; x_wconf 89' lang='lat' dir='ltr'><strong>nou</strong></span> <span class='ocrx_word' id='word_1_70' title='bbox 844 1092 969 1155; x_wconf 85' lang='lat' dir='ltr'><strong>videtur</strong></span> <span class='ocrx_word' id='word_1_71' title='bbox 983 1112 1116 1154; x_wconf 87' lang='lat' dir='ltr'><strong>cousen-</strong></span> 
     </span>
     <span class='ocr_line' id='line_1_10' title="bbox 178 1185 1116 1268; baseline -0.006 -16"><span class='ocrx_word' id='word_1_72' title='bbox 178 1185 236 1252; x_wconf 88' lang='lat' dir='ltr'><strong>tire</strong></span> <span class='ocrx_word' id='word_1_73' title='bbox 252 1189 284 1250; x_wconf 93' lang='lat' dir='ltr'><strong>iu</strong></span> <span class='ocrx_word' id='word_1_74' title='bbox 299 1188 523 1251; x_wconf 78' lang='lat' dir='ltr'><strong>favorabilibus</strong></span> <span class='ocrx_word' id='word_1_75' title='bbox 538 1234 546 1265; x_wconf 96' lang='lat'><strong>,</strong></span> <span class='ocrx_word' id='word_1_76' title='bbox 568 1207 638 1268; x_wconf 85' lang='lat' dir='ltr'><strong>quea</strong></span> <span class='ocrx_word' id='word_1_77' title='bbox 653 1207 732 1249; x_wconf 90' lang='lat' dir='ltr'><strong>onus</strong></span> <span class='ocrx_word' id='word_1_78' title='bbox 748 1205 906 1248; x_wconf 87' lang='lat' dir='ltr'><strong>annexum</strong></span> <span class='ocrx_word' id='word_1_79' title='bbox 921 1186 1058 1248; x_wconf 88' lang='lat' dir='ltr'><strong>babent:</strong></span> <span class='ocrx_word' id='word_1_80' title='bbox 1075 1189 1116 1246; x_wconf 85' lang='lat' dir='ltr'><strong>ut</strong></span> 
     </span>
     <span class='ocr_line' id='line_1_11' title="bbox 179 1278 1115 1361; baseline -0.002 -19"><span class='ocrx_word' id='word_1_81' title='bbox 179 1284 209 1342; x_wconf 88' lang='lat' dir='ltr'><strong>in</strong></span> <span class='ocrx_word' id='word_1_82' title='bbox 237 1281 445 1361; x_wconf 79' lang='lat' dir='ltr'><strong>sponsalibus,</strong></span> <span class='ocrx_word' id='word_1_83' title='bbox 469 1280 597 1360; x_wconf 88' lang='lat' dir='ltr'><strong>nuptiis,</strong></span> <span class='ocrx_word' id='word_1_84' title='bbox 624 1280 857 1357; x_wconf 76' lang='lat' dir='ltr'><strong>contractibuS,</strong></span> <span class='ocrx_word' id='word_1_85' title='bbox 888 1278 1115 1356; x_wconf 75' lang='lat' dir='ltr'><strong>electionibus,</strong></span> 
     </span>
    </p>
   </div>
   <div class='ocr_carea' id='block_1_3' title="bbox 180 1369 1133 1452">
    <p class='ocr_par' dir='ltr' id='par_1_3' title="bbox 180 1369 1133 1452">
     <span class='ocr_line' id='line_1_12' title="bbox 180 1369 1133 1452; baseline -0.004 -16"><span class='ocrx_word' id='word_1_86' title='bbox 180 1373 407 1452; x_wconf 88' lang='lat' dir='ltr'><strong>collationibus,</strong></span> <span class='ocrx_word' id='word_1_87' title='bbox 424 1377 483 1436; x_wconf 86' lang='lat' dir='ltr'><strong>etc.</strong></span> <span class='ocrx_word' id='word_1_88' title='bbox 500 1375 552 1436; x_wconf 92' lang='lat' dir='ltr'><strong>Ill.</strong></span> <span class='ocrx_word' id='word_1_89' title='bbox 566 1375 686 1436; x_wconf 79' lang='lat' dir='ltr'><strong>&#39;locens</strong></span> <span class='ocrx_word' id='word_1_90' title='bbox 700 1373 733 1434; x_wconf 92' lang='lat' dir='ltr'><strong>in</strong></span> <span class='ocrx_word' id='word_1_91' title='bbox 747 1373 873 1450; x_wconf 85' lang='lat' dir='ltr'><strong>odiosis,</strong></span> <span class='ocrx_word' id='word_1_92' title='bbox 882 1375 914 1434; x_wconf 89' lang='lat' dir='ltr'><strong>et</strong></span> <span class='ocrx_word' id='word_1_93' title='bbox 926 1371 984 1434; x_wconf 91' lang='lat' dir='ltr'><strong>sibi</strong></span> <span class='ocrx_word' id='word_1_94' title='bbox 998 1369 1133 1451; x_wconf 82' lang='lat' dir='ltr'><strong>praeju--</strong></span> 
     </span>
    </p>
   </div>
   <div class='ocr_carea' id='block_1_4' title="bbox 180 1465 1116 1733">
    <p class='ocr_par' dir='ltr' id='par_1_4' title="bbox 180 1465 1116 1733">
     <span class='ocr_line' id='line_1_13' title="bbox 180 1465 1116 1546; baseline -0.003 -17"><span class='ocrx_word' id='word_1_95' title='bbox 180 1467 304 1530; x_wconf 86' lang='lat' dir='ltr'><strong>dioiosis</strong></span> <span class='ocrx_word' id='word_1_96' title='bbox 318 1467 506 1546; x_wconf 84' lang='lat' dir='ltr'><strong>regulariter</strong></span> <span class='ocrx_word' id='word_1_97' title='bbox 519 1485 583 1528; x_wconf 87' lang='lat' dir='ltr'><strong>nou</strong></span> <span class='ocrx_word' id='word_1_98' title='bbox 592 1465 718 1528; x_wconf 84' lang='lat' dir='ltr'><strong>videtur</strong></span> <span class='ocrx_word' id='word_1_99' title='bbox 733 1465 918 1527; x_wconf 88' lang='lat' dir='ltr'><strong>consentire.</strong></span> <span class='ocrx_word' id='word_1_100' title='bbox 929 1465 981 1526; x_wconf 82' lang='lat' dir='ltr'><strong>IV.</strong></span> <span class='ocrx_word' id='word_1_101' title='bbox 993 1466 1116 1526; x_wconf 83' lang='lat' dir='ltr'><strong>Taceus</strong></span> 
     </span>
     <span class='ocr_line' id='line_1_14' title="bbox 180 1557 1113 1640; baseline -0.006 -18"><span class='ocrx_word' id='word_1_102' title='bbox 180 1562 212 1623; x_wconf 92' lang='lat' dir='ltr'><strong>in</strong></span> <span class='ocrx_word' id='word_1_103' title='bbox 225 1560 351 1639; x_wconf 87' lang='lat' dir='ltr'><strong>odiosis,</strong></span> <span class='ocrx_word' id='word_1_104' title='bbox 368 1561 445 1622; x_wconf 90' lang='lat' dir='ltr'><strong>dum</strong></span> <span class='ocrx_word' id='word_1_105' title='bbox 456 1561 559 1640; x_wconf 88' lang='lat' dir='ltr'><strong>potest</strong></span> <span class='ocrx_word' id='word_1_106' title='bbox 578 1563 610 1621; x_wconf 92' lang='lat' dir='ltr'><strong>et</strong></span> <span class='ocrx_word' id='word_1_107' title='bbox 624 1559 720 1621; x_wconf 89' lang='lat' dir='ltr'><strong>debet</strong></span> <span class='ocrx_word' id='word_1_108' title='bbox 742 1557 973 1634; x_wconf 88' lang='lat' dir='ltr'><strong>contradicere,</strong></span> <span class='ocrx_word' id='word_1_109' title='bbox 997 1560 1028 1619; x_wconf 91' lang='lat' dir='ltr'><strong>et</strong></span> <span class='ocrx_word' id='word_1_110' title='bbox 1048 1575 1113 1618; x_wconf 90' lang='lat' dir='ltr'><strong>non</strong></span> 
     </span>
     <span class='ocr_line' id='line_1_15' title="bbox 181 1651 1112 1733; baseline -0.006 -16"><span class='ocrx_word' id='word_1_111' title='bbox 181 1654 377 1732; x_wconf 85' lang='lat' dir='ltr'><strong>contradicit,</strong></span> <span class='ocrx_word' id='word_1_112' title='bbox 398 1653 533 1716; x_wconf 90' lang='lat' dir='ltr'><strong>habetur</strong></span> <span class='ocrx_word' id='word_1_113' title='bbox 556 1671 611 1733; x_wconf 93' lang='lat' dir='ltr'><strong>pro</strong></span> <span class='ocrx_word' id='word_1_114' title='bbox 634 1651 859 1729; x_wconf 85' lang='lat' dir='ltr'><strong>consentiente,</strong></span> <span class='ocrx_word' id='word_1_115' title='bbox 876 1655 907 1713; x_wconf 92' lang='lat' dir='ltr'><strong>et</strong></span> <span class='ocrx_word' id='word_1_116' title='bbox 922 1651 1112 1712; x_wconf 82' lang='lat' dir='ltr'><strong>confitente:</strong></span> 
     </span>
    </p>
   </div>
   <div class='ocr_carea' id='block_1_5' title="bbox 182 1741 1191 1827">
    <p class='ocr_par' dir='ltr' id='par_1_5' title="bbox 182 1741 1191 1827">
     <span class='ocr_line' id='line_1_16' title="bbox 182 1741 1191 1827; baseline -0.01 -17"><span class='ocrx_word' id='word_1_117' title='bbox 182 1751 216 1810; x_wconf 88' lang='lat' dir='ltr'><strong>ut</strong></span> <span class='ocrx_word' id='word_1_118' title='bbox 229 1746 255 1808; x_wconf 85' lang='lat' dir='ltr'><strong>si</strong></span> <span class='ocrx_word' id='word_1_119' title='bbox 268 1746 406 1827; x_wconf 80' lang='lat' dir='ltr'><strong>legitime</strong></span> <span class='ocrx_word' id='word_1_120' title='bbox 417 1745 524 1827; x_wconf 90' lang='lat' dir='ltr'><strong>jussus</strong></span> <span class='ocrx_word' id='word_1_121' title='bbox 540 1765 558 1806; x_wconf 89' lang='lat' dir='ltr'><strong>a</strong></span> <span class='ocrx_word' id='word_1_122' title='bbox 572 1745 679 1826; x_wconf 83' lang='lat' dir='ltr'><strong>judice</strong></span> <span class='ocrx_word' id='word_1_123' title='bbox 694 1763 757 1808; x_wconf 87' lang='lat' dir='ltr'><strong>nou</strong></span> <span class='ocrx_word' id='word_1_124' title='bbox 773 1742 981 1824; x_wconf 57' lang='lat' dir='ltr'><strong>respondean</strong></span> <span class='ocrx_word' id='word_1_125' title='bbox 998 1742 1073 1804; x_wconf 84' lang='lat' dir='ltr'><strong>item</strong></span> <span class='ocrx_word' id='word_1_126' title='bbox 1086 1741 1114 1802; x_wconf 89' lang='lat' dir='ltr'><strong>si</strong></span> <span class='ocrx_word' id='word_1_127' title='bbox 1185 1780 1191 1788; x_wconf 90' lang='lat'><em>-</em></span> 
     </span>
    </p>
   </div>
   <div class='ocr_carea' id='block_1_6' title="bbox 185 1833 1114 2010">
    <p class='ocr_par' dir='ltr' id='par_1_6' title="bbox 185 1833 1114 2010">
     <span class='ocr_line' id='line_1_17' title="bbox 186 1833 1114 1920; baseline -0.008 -19"><span class='ocrx_word' id='word_1_128' title='bbox 186 1839 342 1920; x_wconf 78' lang='lat' dir='ltr'><strong>parochus</strong></span> <span class='ocrx_word' id='word_1_129' title='bbox 368 1856 506 1920; x_wconf 83' lang='lat' dir='ltr'><strong>praesens</strong></span> <span class='ocrx_word' id='word_1_130' title='bbox 531 1855 595 1902; x_wconf 86' lang='lat' dir='ltr'><strong>acu</strong></span> <span class='ocrx_word' id='word_1_131' title='bbox 628 1837 823 1900; x_wconf 76' lang='lat' dir='ltr'><strong>contradicat</strong></span> <span class='ocrx_word' id='word_1_132' title='bbox 846 1836 935 1898; x_wconf 83' lang='lat' dir='ltr'><strong>elteri</strong></span> <span class='ocrx_word' id='word_1_133' title='bbox 959 1833 1114 1900; x_wconf 83' lang='lat' dir='ltr'><strong>sacerdoti</strong></span> 
     </span>
     <span class='ocr_line' id='line_1_18' title="bbox 185 1927 1114 2010; baseline 0.002 -17"><span class='ocrx_word' id='word_1_134' title='bbox 185 1931 301 1993; x_wconf 91' lang='lat' dir='ltr'><strong>volenti</strong></span> <span class='ocrx_word' id='word_1_135' title='bbox 326 1931 496 2010; x_wconf 85' lang='lat' dir='ltr'><strong>baptizare,</strong></span> <span class='ocrx_word' id='word_1_136' title='bbox 524 1930 669 1993; x_wconf 76' lang='lat' dir='ltr'><strong>assistere</strong></span> <span class='ocrx_word' id='word_1_137' title='bbox 690 1928 891 1992; x_wconf 83' lang='lat' dir='ltr'><strong>matrimonio</strong></span> <span class='ocrx_word' id='word_1_138' title='bbox 907 1947 913 1988; x_wconf 94' lang='lat'>:</span> <span class='ocrx_word' id='word_1_139' title='bbox 927 1931 1002 1990; x_wconf 90' lang='lat' dir='ltr'><strong>tuno</strong></span> <span class='ocrx_word' id='word_1_140' title='bbox 1029 1927 1114 1995; x_wconf 84' lang='lat' dir='ltr'><strong>enim</strong></span> 
     </span>
    </p>
   </div>
   <div class='ocr_carea' id='block_1_7' title="bbox 184 2017 1149 2104">
    <p class='ocr_par' dir='ltr' id='par_1_7' title="bbox 184 2017 1149 2104">
     <span class='ocr_line' id='line_1_19' title="bbox 184 2017 1149 2104; baseline -0.005 -19"><span class='ocrx_word' id='word_1_141' title='bbox 184 2027 328 2086; x_wconf 88' lang='lat' dir='ltr'><strong>censetur</strong></span> <span class='ocrx_word' id='word_1_142' title='bbox 342 2023 516 2086; x_wconf 89' lang='lat' dir='ltr'><strong>consentire</strong></span> <span class='ocrx_word' id='word_1_143' title='bbox 533 2043 541 2097; x_wconf 91' lang='grc'>;</span> <span class='ocrx_word' id='word_1_144' title='bbox 558 2023 602 2084; x_wconf 91' lang='lat' dir='ltr'><strong>uti</strong></span> <span class='ocrx_word' id='word_1_145' title='bbox 618 2025 649 2084; x_wconf 90' lang='lat' dir='ltr'><strong>et</strong></span> <span class='ocrx_word' id='word_1_146' title='bbox 663 2023 811 2104; x_wconf 83' lang='lat' dir='ltr'><strong>praelatus</strong></span> <span class='ocrx_word' id='word_1_147' title='bbox 826 2021 979 2102; x_wconf 79' lang='lat' dir='ltr'><strong>regularis</strong></span> <span class='ocrx_word' id='word_1_148' title='bbox 993 2021 1025 2082; x_wconf 91' lang='lat' dir='ltr'><strong>iu</strong></span> <span class='ocrx_word' id='word_1_149' title='bbox 1043 2018 1111 2098; x_wconf 89' lang='lat' dir='ltr'><strong>bis,</strong></span> <span class='ocrx_word' id='word_1_150' title='bbox 1146 2017 1149 2022; x_wconf 81' lang='grc'><strong>’</strong></span> 
     </span>
    </p>
   </div>
   <div class='ocr_carea' id='block_1_8' title="bbox 171 2112 1114 3606">
    <p class='ocr_par' dir='ltr' id='par_1_8' title="bbox 182 2112 1114 2646">
     <span class='ocr_line' id='line_1_20' title="bbox 183 2112 1113 2199; baseline -0.008 -19"><span class='ocrx_word' id='word_1_151' title='bbox 183 2135 253 2199; x_wconf 81' lang='lat' dir='ltr'><strong>quae</strong></span> <span class='ocrx_word' id='word_1_152' title='bbox 265 2116 334 2195; x_wconf 89' lang='lat' dir='ltr'><strong>scit,</strong></span> <span class='ocrx_word' id='word_1_153' title='bbox 348 2119 380 2178; x_wconf 90' lang='lat' dir='ltr'><strong>et</strong></span> <span class='ocrx_word' id='word_1_154' title='bbox 393 2116 489 2194; x_wconf 85' lang='lat' dir='ltr'><strong>videt,</strong></span> <span class='ocrx_word' id='word_1_155' title='bbox 507 2120 538 2178; x_wconf 90' lang='lat' dir='ltr'><strong>et</strong></span> <span class='ocrx_word' id='word_1_156' title='bbox 552 2135 615 2180; x_wconf 89' lang='lat' dir='ltr'><strong>uon</strong></span> <span class='ocrx_word' id='word_1_157' title='bbox 625 2115 821 2178; x_wconf 80' lang='lat' dir='ltr'><strong>contradicit.</strong></span> <span class='ocrx_word' id='word_1_158' title='bbox 837 2118 878 2178; x_wconf 88' lang='lat' dir='ltr'><strong>At</strong></span> <span class='ocrx_word' id='word_1_159' title='bbox 889 2115 914 2176; x_wconf 90' lang='lat' dir='ltr'><strong>si</strong></span> <span class='ocrx_word' id='word_1_160' title='bbox 928 2117 1046 2191; x_wconf 63' lang='lat' dir='ltr'><strong>tacens</strong></span> <span class='ocrx_word' id='word_1_161' title='bbox 1058 2112 1113 2194; x_wconf 91' lang='lat' dir='ltr'><strong>qui</strong></span> 
     </span>
     <span class='ocr_line' id='line_1_21' title="bbox 182 2207 1114 2288; baseline -0.005 -16"><span class='ocrx_word' id='word_1_162' title='bbox 182 2211 311 2272; x_wconf 85' lang='lat' dir='ltr'><strong>deberet</strong></span> <span class='ocrx_word' id='word_1_163' title='bbox 329 2209 556 2288; x_wconf 81' lang='lat' dir='ltr'><strong>contradicere,</strong></span> <span class='ocrx_word' id='word_1_164' title='bbox 575 2209 666 2272; x_wconf 91' lang='lat' dir='ltr'><strong>facile</strong></span> <span class='ocrx_word' id='word_1_165' title='bbox 685 2228 749 2272; x_wconf 87' lang='lat' dir='ltr'><strong>nou</strong></span> <span class='ocrx_word' id='word_1_166' title='bbox 768 2211 871 2288; x_wconf 90' lang='lat' dir='ltr'><strong>potest</strong></span> <span class='ocrx_word' id='word_1_167' title='bbox 882 2207 1061 2287; x_wconf 88' lang='lat' dir='ltr'><strong>prohibere,</strong></span> <span class='ocrx_word' id='word_1_168' title='bbox 1081 2209 1114 2268; x_wconf 89' lang='lat' dir='ltr'><strong>et</strong></span> 
     </span>
     <span class='ocr_line' id='line_1_22' title="bbox 182 2299 1110 2386; baseline -0.004 -22"><span class='ocrx_word' id='word_1_169' title='bbox 182 2321 254 2364; x_wconf 89' lang='lat' dir='ltr'><strong>cum</strong></span> <span class='ocrx_word' id='word_1_170' title='bbox 276 2305 389 2366; x_wconf 85' lang='lat' dir='ltr'><strong>effectu</strong></span> <span class='ocrx_word' id='word_1_171' title='bbox 410 2303 638 2382; x_wconf 79' lang='lat' dir='ltr'><strong>contradicere,</strong></span> <span class='ocrx_word' id='word_1_172' title='bbox 669 2321 733 2365; x_wconf 90' lang='lat' dir='ltr'><strong>non</strong></span> <span class='ocrx_word' id='word_1_173' title='bbox 758 2305 903 2386; x_wconf 86' lang='lat' dir='ltr'><strong>censetur</strong></span> <span class='ocrx_word' id='word_1_174' title='bbox 924 2299 1110 2377; x_wconf 84' lang='lat' dir='ltr'><strong>consentire,</strong></span> 
     </span>
     <span class='ocr_line' id='line_1_23' title="bbox 182 2393 1112 2478; baseline -0.006 -20"><span class='ocrx_word' id='word_1_175' title='bbox 182 2397 262 2460; x_wconf 87' lang='lat' dir='ltr'><strong>sicut</strong></span> <span class='ocrx_word' id='word_1_176' title='bbox 276 2399 373 2478; x_wconf 88' lang='lat' dir='ltr'><strong>Papa,</strong></span> <span class='ocrx_word' id='word_1_177' title='bbox 390 2395 539 2477; x_wconf 89' lang='lat' dir='ltr'><strong>episcopi,</strong></span> <span class='ocrx_word' id='word_1_178' title='bbox 563 2399 594 2458; x_wconf 90' lang='lat' dir='ltr'><strong>et</strong></span> <span class='ocrx_word' id='word_1_179' title='bbox 610 2394 730 2477; x_wconf 84' lang='lat' dir='ltr'><strong>praelati</strong></span> <span class='ocrx_word' id='word_1_180' title='bbox 755 2395 915 2474; x_wconf 81' lang='lat' dir='ltr'><strong>regulares</strong></span> <span class='ocrx_word' id='word_1_181' title='bbox 934 2393 1033 2456; x_wconf 87' lang='lat' dir='ltr'><strong>multa</strong></span> <span class='ocrx_word' id='word_1_182' title='bbox 1056 2410 1112 2472; x_wconf 90' lang='lat' dir='ltr'><strong>per</strong></span> 
     </span>
     <span class='ocr_line' id='line_1_24' title="bbox 184 2488 1112 2570; baseline -0.009 -18"><span class='ocrx_word' id='word_1_183' title='bbox 184 2490 366 2569; x_wconf 85' lang='lat' dir='ltr'><strong>patientiam</strong></span> <span class='ocrx_word' id='word_1_184' title='bbox 377 2490 532 2568; x_wconf 84' lang='lat' dir='ltr'><strong>tolerent,</strong></span> <span class='ocrx_word' id='word_1_185' title='bbox 549 2509 588 2551; x_wconf 91' lang='lat' dir='ltr'><strong>ne</strong></span> <span class='ocrx_word' id='word_1_186' title='bbox 605 2488 728 2570; x_wconf 87' lang='lat' dir='ltr'><strong>majora</strong></span> <span class='ocrx_word' id='word_1_187' title='bbox 741 2488 826 2550; x_wconf 85' lang='lat' dir='ltr'><strong>mala</strong></span> <span class='ocrx_word' id='word_1_188' title='bbox 848 2490 1030 2568; x_wconf 88' lang='lat' dir='ltr'><strong>sequantur,</strong></span> <span class='ocrx_word' id='word_1_189' title='bbox 1049 2502 1112 2546; x_wconf 88' lang='lat' dir='ltr'><strong>non</strong></span> 
     </span>
     <span class='ocr_line' id='line_1_25' title="bbox 182 2583 664 2646; baseline -0.006 0"><span class='ocrx_word' id='word_1_190' title='bbox 182 2587 287 2646; x_wconf 88' lang='lat' dir='ltr'><strong>tamen</strong></span> <span class='ocrx_word' id='word_1_191' title='bbox 296 2587 464 2646; x_wconf 86' lang='lat' dir='ltr'><strong>censentur</strong></span> <span class='ocrx_word' id='word_1_192' title='bbox 478 2583 664 2644; x_wconf 87' lang='lat' dir='ltr'><strong>consentire.</strong></span> 
     </span>
    </p>

    <p class='ocr_par' dir='ltr' id='par_1_9' title="bbox 177 2671 1112 3314">
     <span class='ocr_line' id='line_1_26' title="bbox 222 2671 1108 2755; baseline -0.006 -16"><span class='ocrx_word' id='word_1_193' title='bbox 222 2681 271 2739; x_wconf 82' lang='lat' dir='ltr'><strong>lo·</strong></span> <span class='ocrx_word' id='word_1_194' title='bbox 292 2675 489 2738; x_wconf 76' lang='lat' dir='ltr'><strong>Prorumitur</strong></span> <span class='ocrx_word' id='word_1_195' title='bbox 501 2673 679 2755; x_wconf 73' lang='lat' dir='ltr'><strong>iquoroutio,</strong></span> <span class='ocrx_word' id='word_1_196' title='bbox 690 2674 742 2735; x_wconf 82' lang='lat' dir='ltr'><strong>ubi</strong></span> <span class='ocrx_word' id='word_1_197' title='bbox 753 2675 875 2736; x_wconf 80' lang='lat' dir='ltr'><strong>scientio</strong></span> <span class='ocrx_word' id='word_1_198' title='bbox 884 2694 942 2734; x_wconf 80' lang='lat' dir='ltr'><strong>aon</strong></span> <span class='ocrx_word' id='word_1_199' title='bbox 954 2671 1108 2754; x_wconf 79' lang='lat' dir='ltr'><strong>probatur.</strong></span> 
     </span>
     <span class='ocr_line' id='line_1_27' title="bbox 182 2765 1112 2848; baseline -0.005 -18"><span class='ocrx_word' id='word_1_200' title='bbox 182 2768 303 2845; x_wconf 76' lang='lat' dir='ltr'><strong>Regula</strong></span> <span class='ocrx_word' id='word_1_201' title='bbox 325 2768 467 2847; x_wconf 87' lang='lat' dir='ltr'><strong>procedit</strong></span> <span class='ocrx_word' id='word_1_202' title='bbox 485 2767 568 2830; x_wconf 85' lang='lat' dir='ltr'><strong>circa</strong></span> <span class='ocrx_word' id='word_1_203' title='bbox 592 2767 676 2830; x_wconf 85' lang='lat' dir='ltr'><strong>facta</strong></span> <span class='ocrx_word' id='word_1_204' title='bbox 698 2767 928 2846; x_wconf 82' lang='lat' dir='ltr'><strong>contingentia,</strong></span> <span class='ocrx_word' id='word_1_205' title='bbox 946 2785 1015 2848; x_wconf 82' lang='lat' dir='ltr'><strong>quae</strong></span> <span class='ocrx_word' id='word_1_206' title='bbox 1042 2765 1112 2847; x_wconf 88' lang='lat' dir='ltr'><strong>quis</strong></span> 
     </span>
     <span class='ocr_line' id='line_1_28' title="bbox 181 2857 1112 2939; baseline -0.003 -17"><span class='ocrx_word' id='word_1_207' title='bbox 181 2859 259 2922; x_wconf 88' lang='lat' dir='ltr'><strong>scire</strong></span> <span class='ocrx_word' id='word_1_208' title='bbox 274 2878 337 2922; x_wconf 86' lang='lat' dir='ltr'><strong>non</strong></span> <span class='ocrx_word' id='word_1_209' title='bbox 351 2863 490 2934; x_wconf 87' lang='lat' dir='ltr'><strong>tenetur;</strong></span> <span class='ocrx_word' id='word_1_210' title='bbox 507 2863 542 2922; x_wconf 88' lang='lat' dir='ltr'><strong>ut</strong></span> <span class='ocrx_word' id='word_1_211' title='bbox 556 2859 581 2921; x_wconf 90' lang='lat' dir='ltr'><strong>si</strong></span> <span class='ocrx_word' id='word_1_212' title='bbox 596 2860 754 2939; x_wconf 86' lang='lat' dir='ltr'><strong>percuties</strong></span> <span class='ocrx_word' id='word_1_213' title='bbox 773 2860 920 2922; x_wconf 89' lang='lat' dir='ltr'><strong>clericum</strong></span> <span class='ocrx_word' id='word_1_214' title='bbox 938 2878 1000 2922; x_wconf 89' lang='lat' dir='ltr'><strong>non</strong></span> <span class='ocrx_word' id='word_1_215' title='bbox 1017 2857 1112 2920; x_wconf 86' lang='lat' dir='ltr'><strong>vesti-</strong></span> 
     </span>
     <span class='ocr_line' id='line_1_29' title="bbox 179 2952 1108 3034; baseline -0.004 -18"><span class='ocrx_word' id='word_1_216' title='bbox 179 2958 247 3016; x_wconf 85' lang='lat' dir='ltr'><strong>tum</strong></span> <span class='ocrx_word' id='word_1_217' title='bbox 259 2953 369 3015; x_wconf 87' lang='lat' dir='ltr'><strong>habitu</strong></span> <span class='ocrx_word' id='word_1_218' title='bbox 393 2952 539 3016; x_wconf 85' lang='lat' dir='ltr'><strong>clericali.</strong></span> <span class='ocrx_word' id='word_1_219' title='bbox 565 2955 606 3016; x_wconf 80' lang='lat' dir='ltr'><strong>At</strong></span> <span class='ocrx_word' id='word_1_220' title='bbox 629 2957 739 3015; x_wconf 88' lang='lat' dir='ltr'><strong>contra</strong></span> <span class='ocrx_word' id='word_1_221' title='bbox 753 2953 931 3034; x_wconf 71' lang='lat' dir='ltr'><strong>circejum,</strong></span> <span class='ocrx_word' id='word_1_222' title='bbox 950 2955 981 3015; x_wconf 93' lang='lat' dir='ltr'><strong>et</strong></span> <span class='ocrx_word' id='word_1_223' title='bbox 996 2953 1108 3032; x_wconf 77' lang='lat' dir='ltr'><strong>leges,</strong></span> 
     </span>
     <span class='ocr_line' id='line_1_30' title="bbox 179 3044 1108 3126; baseline -0.008 -16"><span class='ocrx_word' id='word_1_224' title='bbox 179 3047 263 3110; x_wconf 84' lang='lat' dir='ltr'><strong>circa</strong></span> <span class='ocrx_word' id='word_1_225' title='bbox 278 3045 410 3124; x_wconf 86' lang='lat' dir='ltr'><strong>notoria,</strong></span> <span class='ocrx_word' id='word_1_226' title='bbox 426 3049 457 3107; x_wconf 90' lang='lat' dir='ltr'><strong>et</strong></span> <span class='ocrx_word' id='word_1_227' title='bbox 475 3045 611 3125; x_wconf 89' lang='lat' dir='ltr'><strong>publica,</strong></span> <span class='ocrx_word' id='word_1_228' title='bbox 636 3048 668 3106; x_wconf 89' lang='lat' dir='ltr'><strong>et</strong></span> <span class='ocrx_word' id='word_1_229' title='bbox 680 3045 764 3106; x_wconf 84' lang='lat' dir='ltr'><strong>circe</strong></span> <span class='ocrx_word' id='word_1_230' title='bbox 783 3063 831 3124; x_wconf 88' lang='lat' dir='ltr'><strong>ea,</strong></span> <span class='ocrx_word' id='word_1_231' title='bbox 849 3063 918 3126; x_wconf 86' lang='lat' dir='ltr'><strong>quae</strong></span> <span class='ocrx_word' id='word_1_232' title='bbox 934 3045 1004 3125; x_wconf 85' lang='lat' dir='ltr'><strong>quis</strong></span> <span class='ocrx_word' id='word_1_233' title='bbox 1017 3044 1108 3121; x_wconf 86' lang='lat' dir='ltr'><strong>scira,</strong></span> 
     </span>
     <span class='ocr_line' id='line_1_31' title="bbox 179 3137 1110 3221; baseline -0.004 -19"><span class='ocrx_word' id='word_1_234' title='bbox 179 3145 211 3202; x_wconf 87' lang='lat' dir='ltr'><strong>et</strong></span> <span class='ocrx_word' id='word_1_235' title='bbox 228 3141 379 3221; x_wconf 82' lang='lat' dir='ltr'><strong>indagare</strong></span> <span class='ocrx_word' id='word_1_236' title='bbox 395 3142 530 3218; x_wconf 84' lang='lat' dir='ltr'><strong>tenetur,</strong></span> <span class='ocrx_word' id='word_1_237' title='bbox 551 3138 752 3218; x_wconf 80' lang='lat' dir='ltr'><strong>praesumitur</strong></span> <span class='ocrx_word' id='word_1_238' title='bbox 773 3139 922 3216; x_wconf 89' lang='lat' dir='ltr'><strong>scientia,</strong></span> <span class='ocrx_word' id='word_1_239' title='bbox 943 3137 996 3199; x_wconf 90' lang='lat' dir='ltr'><strong>ubi</strong></span> <span class='ocrx_word' id='word_1_240' title='bbox 1022 3138 1110 3217; x_wconf 86' lang='lat' dir='ltr'><strong>igno-</strong></span> 
     </span>
     <span class='ocr_line' id='line_1_32' title="bbox 177 3233 530 3314; baseline 0.003 -19"><span class='ocrx_word' id='word_1_241' title='bbox 177 3235 282 3296; x_wconf 87' lang='lat' dir='ltr'><strong>rantia</strong></span> <span class='ocrx_word' id='word_1_242' title='bbox 294 3253 357 3296; x_wconf 90' lang='lat' dir='ltr'><strong>ucu</strong></span> <span class='ocrx_word' id='word_1_243' title='bbox 368 3233 530 3314; x_wconf 87' lang='lat' dir='ltr'><strong>probatur.</strong></span> 
     </span>
    </p>

    <p class='ocr_par' dir='ltr' id='par_1_10' title="bbox 171 3322 1111 3606">
     <span class='ocr_line' id='line_1_33' title="bbox 219 3322 1111 3410; baseline -0.002 -23"><span class='ocrx_word' id='word_1_244' title='bbox 219 3330 269 3387; x_wconf 76' lang='lat' dir='ltr'><strong>l&#39;l‘</strong></span> <span class='ocrx_word' id='word_1_245' title='bbox 291 3326 349 3388; x_wconf 75' lang='lat' dir='ltr'><strong>cci</strong></span> <span class='ocrx_word' id='word_1_246' title='bbox 367 3327 445 3404; x_wconf 78' lang='lat' dir='ltr'><strong>licet,</strong></span> <span class='ocrx_word' id='word_1_247' title='bbox 472 3326 552 3410; x_wconf 83' lang='lat' dir='ltr'><strong>qood</strong></span> <span class='ocrx_word' id='word_1_248' title='bbox 577 3336 618 3389; x_wconf 85' lang='lat' dir='ltr'><strong>eet</strong></span> <span class='ocrx_word' id='word_1_249' title='bbox 639 3325 721 3409; x_wconf 83' lang='lat' dir='ltr'><strong>plus,</strong></span> <span class='ocrx_word' id='word_1_250' title='bbox 752 3324 820 3388; x_wconf 77' lang='lat' dir='ltr'><strong>licet</strong></span> <span class='ocrx_word' id='word_1_251' title='bbox 842 3323 952 3408; x_wconf 81' lang='lat' dir='ltr'><strong>utique,</strong></span> <span class='ocrx_word' id='word_1_252' title='bbox 973 3322 1052 3407; x_wconf 84' lang='lat' dir='ltr'><strong>quod</strong></span> <span class='ocrx_word' id='word_1_253' title='bbox 1068 3333 1111 3386; x_wconf 85' lang='lat' dir='ltr'><strong>est</strong></span> 
     </span>
     <span class='ocr_line' id='line_1_34' title="bbox 177 3413 1110 3501; baseline -0.002 -19"><span class='ocrx_word' id='word_1_254' title='bbox 177 3421 282 3482; x_wconf 82' lang='lat' dir='ltr'><strong>minus.</strong></span> <span class='ocrx_word' id='word_1_255' title='bbox 294 3419 415 3498; x_wconf 81' lang='lat' dir='ltr'><strong>Regula</strong></span> <span class='ocrx_word' id='word_1_256' title='bbox 429 3421 489 3498; x_wconf 81' lang='lat' dir='ltr'><strong>ista</strong></span> <span class='ocrx_word' id='word_1_257' title='bbox 505 3421 648 3500; x_wconf 85' lang='lat' dir='ltr'><strong>procedit</strong></span> <span class='ocrx_word' id='word_1_258' title='bbox 662 3420 693 3481; x_wconf 90' lang='lat' dir='ltr'><strong>in</strong></span> <span class='ocrx_word' id='word_1_259' title='bbox 703 3419 839 3501; x_wconf 82' lang='lat' dir='ltr'><strong>juribus,</strong></span> <span class='ocrx_word' id='word_1_260' title='bbox 854 3424 885 3482; x_wconf 91' lang='lat' dir='ltr'><strong>et</strong></span> <span class='ocrx_word' id='word_1_261' title='bbox 901 3413 1110 3499; x_wconf 82' lang='lat' dir='ltr'><strong>potestatibus</strong></span> 
     </span>
     <span class='ocr_line' id='line_1_35' title="bbox 171 3511 1109 3606; baseline -0.004 -30"><span class='ocrx_word' id='word_1_262' title='bbox 171 3511 399 3606; x_wconf 17' lang='lat' dir='ltr'><strong>&#39;subordinatis</strong></span> <span class='ocrx_word' id='word_1_263' title='bbox 412 3531 546 3594; x_wconf 86' lang='lat' dir='ltr'><strong>quarum</strong></span> <span class='ocrx_word' id='word_1_264' title='bbox 558 3513 702 3594; x_wconf 87' lang='lat' dir='ltr'><strong>superior</strong></span> <span class='ocrx_word' id='word_1_265' title='bbox 715 3530 772 3592; x_wconf 90' lang='lat' dir='ltr'><strong>per</strong></span> <span class='ocrx_word' id='word_1_266' title='bbox 786 3531 819 3576; x_wconf 87' lang='lat' dir='ltr'><strong>se</strong></span> <span class='ocrx_word' id='word_1_267' title='bbox 832 3513 970 3576; x_wconf 86' lang='lat' dir='ltr'><strong>continet</strong></span> <span class='ocrx_word' id='word_1_268' title='bbox 983 3511 1109 3582; x_wconf 84' lang='lat' dir='ltr'><strong>iuferio-</strong></span> 
     </span>
    </p>
   </div>
   <div class='ocr_carea' id='block_1_9' title="bbox 0 0 1278 4016">
    <p class='ocr_par' dir='ltr' id='par_1_11' title="bbox 0 0 1278 4016">
     <span class='ocr_line' id='line_1_36' title="bbox 0 0 1278 4016; baseline 0 0"><span class='ocrx_word' id='word_1_269' title='bbox 0 0 1278 4016; x_wconf 95' lang='lat' dir='ltr'><strong> </strong></span> 
     </span>
    </p>
   </div>
  </div>
 </body>
</html>
