2512 4012
364 327 402 368 ur
425 325 552 372 nurnero
574 327 654 373 runis
678 327 831 374 aaronica
1007 315 1059 377 rei

133 465 342 526 summittitur
355 471 493 544 potestas
512 469 685 548 judicandi,
708 471 782 549 quin
798 469 913 531 habeat
928 470 1064 532 offitium

132 577 323 636 permanens
336 561 386 620 oui
399 561 431 620 in
442 561 512 640 jure
523 562 592 622 haee
602 568 739 641 potestas
750 563 789 625 sit
801 563 937 642 alligata.

174 654 209 711 3⁰
220 653 264 712 Ex
280 652 364 712 modo
375 672 436 732 qno
447 655 561 717 debeat
571 656 719 734 exerceri,
731 654 812 716 redit
826 656 894 716 haeo
906 656 1061 719 distinctio

132 745 166 804 in
184 744 434 823 jurisdictionem
448 747 640 808 ordinariam
659 752 690 809 et
706 748 1003 825 extraordinariam,
1025 750 1062 810 si-

133 837 264 916 quidem
286 837 362 898 illud
387 858 444 898 esse
464 840 631 900 ordinatum
656 860 693 900 er
717 841 820 920 rapula
843 859 904 901 non
934 842 1067 904 refertur

132 930 225 994 titulo
240 948 299 1008 qno
317 929 493 1010 jurisdictio
512 933 655 1010 habetur,
672 934 728 993 sed
746 933 839 993 modo
864 951 925 1012 quo
945 953 1067 995 exeroe-

133 1025 197 1082 tur.
210 1023 374 1082 Ordinaria
388 1024 564 1102 jurisdictio
577 1027 634 1086 sub
661 1026 720 1086 hoo
733 1029 879 1103 respectu
896 1025 981 1104 (quae
999 1026 1068 1104 qui-

134 1115 208 1174 dem
217 1116 379 1194 pastoralis
392 1135 448 1176 seu
464 1118 649 1196 episcopalis
664 1117 810 1179 usuvenit
824 1117 996 1194 nominari,
1017 1118 1067 1178 vel

134 1208 231 1268 etiam
256 1207 434 1287 immediato)
457 1210 511 1269 illa
532 1215 579 1270 est
603 1229 672 1290 quae
693 1211 784 1271 datur
802 1230 858 1289 pro
882 1211 1016 1290 regulari
1038 1214 1069 1272 et

135 1300 295 1361 ordinario
306 1301 457 1379 regimine
468 1302 600 1382 alicujus
615 1301 857 1380 communitatis,
871 1323 940 1382 quae
951 1303 1069 1364 scilieet

135 1392 296 1454 constituit
304 1393 498 1454 ordinarium
508 1394 752 1473 gubernatorem
760 1395 891 1474 alicujus
899 1394 1066 1457 societatis.

135 1489 202 1546 Hoo
222 1504 315 1546 sensu
334 1479 471 1564 episcopi
487 1487 634 1549 dicuntur
649 1488 791 1549 looorum
811 1487 967 1564 ordinarii,
984 1486 1069 1548 ordi-

136 1578 215 1640 narii
229 1596 343 1656 nempe
362 1583 513 1657 pastores,
530 1580 702 1641 immediati
715 1584 853 1642 rectores
871 1580 1065 1640 dioecesium.

176 1674 242 1732 Hoo
255 1671 330 1731 item
349 1691 442 1732 sensu
461 1673 637 1733 ordinarius
660 1672 721 1733 diei
744 1661 876 1732 deberet
896 1670 948 1730 ille
974 1671 1070 1731 etiam

137 1763 206 1844 qui,
228 1764 302 1825 lieet
324 1784 413 1825 suam
431 1764 682 1844 jurisdictionem
707 1764 839 1824 haberet
861 1783 898 1824 ex
921 1763 1069 1824 mandato

136 1855 279 1934 speciali,
294 1860 399 1917 tamen
413 1857 456 1917 iili
472 1859 638 1918 commissa
664 1861 745 1918 esset
760 1856 919 1917 ordinaria
940 1853 1071 1934 alicujus

137 1949 278 2010 ecelesiae
293 1951 343 2010 vel
356 1950 533 2028 aliquarum
550 1949 754 2010 eeclesiarum
768 1948 1007 2010 administratio.

179 2045 295 2104 Contra
309 2062 395 2118 vero,
410 2043 435 2102 si
449 2043 518 2122 quis
532 2043 664 2103 haberet
675 2043 796 2103 ratione
809 2042 889 2104 tituli
904 2043 952 2102 vel
969 2039 1071 2118 digni-

135 2135 210 2196 tatis
221 2139 253 2196 et
265 2135 394 2215 dejure,
408 2135 546 2215 aliquam
558 2135 810 2216 jurisdictionem
825 2133 1027 2208 ordinariam,
1041 2135 1072 2192 et

135 2229 255 2289 illinon
271 2233 353 2290 esset
363 2229 528 2289 commissa
539 2228 698 2289 ordinaria
712 2226 953 2303 administratio,
966 2225 1072 2285 imme·

139 2322 262 2382 dietum
274 2322 461 2400 gubernium
476 2322 607 2402 aiicujus
616 2321 865 2396 communitatis,
882 2319 938 2380 sed
950 2321 1073 2380 tantum

140 2418 329 2492 potestatem
341 2414 705 2476 haberetinterveniendi
718 2414 750 2472 in
767 2413 890 2473 nasibus
904 2409 1073 2472 extraordi-

141 2503 1073 2584 nariiS,seuauotoritatemsnaminterponendiperviamex-

142 2600 306 2681 oeptioniS,
319 2605 354 2662 ut
363 2619 475 2680 nempe
489 2602 648 2679 suppleret
662 2597 797 2660 defectui
812 2644 819 2673 ,
839 2597 889 2656 vel
903 2595 1075 2672 corrigeret

142 2714 290 2756 excessus
298 2693 684 2772 gubernatorisordinarii,
696 2692 746 2752 hie
757 2689 932 2752 ordinarius
941 2687 1001 2747 diei
1013 2703 1075 2745 non

143 2791 260 2867 posset.
274 2788 368 2848 Verh.
380 2808 411 2866 g.
430 2808 436 2848 :
452 2787 650 2865 patriarchae,
666 2786 827 2864 primates,
848 2777 1075 2860 archiepiscopi

145 2873 1073 2960 habentdejureeommuni,rationedignitatisillisoollatae,

145 2976 282 3054 aliquam
302 2973 551 3054 jurisdictionem
573 2973 605 3030 in
628 2971 774 3031 eeclesias
807 2971 1077 3045 suffraganeorum

145 3086 286 3143 suorum,
305 3067 337 3126 in
352 3066 499 3128 ecelesias
523 3082 635 3143 nempe
651 3083 720 3142 quae
745 3063 777 3122 in
792 3078 902 3122 eorum
916 3053 1078 3136 provincia
1152 3085 1154 3093 ,

147 3160 474 3239 comprehenduntur3
491 3176 560 3238 quae
574 3157 701 3237 quidem
712 3158 849 3234 potestas
864 3151 985 3210 ratione
997 3144 1077 3208 tituli

148 3254 308 3318 ordinaria
320 3259 383 3328 est3
396 3271 458 3314 non
473 3257 579 3313 autem
591 3249 712 3311 ratione
726 3247 812 3308 modi
828 3262 889 3324 quo
905 3243 991 3302 illam
1006 3259 1078 3319 pos-

148 3353 221 3410 sunt
230 3366 386 3408 exercere.
400 3349 468 3408 Non
483 3349 556 3406 sunt
567 3343 651 3406 enim
666 3341 731 3403 veri
748 3342 779 3400 et
790 3336 908 3418 proprii
921 3335 1080 3416 guberna-

148 3447 232 3504 tores
247 3441 360 3502 harum
372 3439 585 3515 eeclesiarum,
601 3455 659 3498 neo
670 3453 777 3496 earum
788 3434 918 3514 possunt
926 3434 1080 3506 tanquam
1110 3516 1112 3522 y

152 3533 301 3597 ordinarii
316 3533 440 3608 haberi;
466 3532 522 3592 sed
546 3531 647 3594 solum
670 3526 858 3592 intervenire
879 3523 1011 3602 possunt
1024 3535 1082 3595 per

241 3656 304 3698 rou.
324 3657 342 3696 1.
962 3630 988 3682 Η
