2484 4016
178 291 261 364 tut·
385 299 615 356 rosnrnrronss
635 299 718 349 runis
740 299 894 350 cononici.

180 459 268 530 scnl3
284 453 439 536 quatenus
452 450 496 512 illi
511 447 620 529 procul
634 467 653 510 a
667 447 792 510 familiis
809 452 841 511 et
853 447 998 510 domibus
1019 462 1114 510 secu-

179 549 297 614 laribus
311 546 467 622 viverent,
491 543 613 604 bivero
633 542 666 602 in
680 541 810 621 privatis
826 541 981 603 domibus.
1000 542 1063 604 Sed
1079 541 1116 602 hi

181 640 284 706 clerici
298 639 455 702 seculares
469 635 560 698 facile
575 635 681 696 saculi
692 635 769 696 vitia
783 638 1015 712 contraxerunt,
1030 651 1115 713 prae-

124 743 127 748 '
180 735 288 800 sertim
296 731 452 794 luxuriam
461 733 493 791 ct
505 728 679 790 avaritiam.
694 728 784 790 Unde
799 727 875 789 vitia
885 727 1113 788 concubinatus

181 832 212 891 et
238 824 377 890 simoniae
401 821 558 904 perhanc
582 821 719 881 mediam
743 824 868 882 aetatem
894 819 1023 881 clericos
1047 839 1113 881 nou

180 939 293 1002 parum
305 918 489 980 infecerunt.

221 1014 326 1089 Unde,
351 1010 465 1072 saeculo
482 1011 546 1086 Xl⁰‚
573 1009 701 1069 curante
729 1005 926 1085 potissimum
952 1007 987 1067 Β.
1017 1007 1113 1068 Petro

181 1107 355 1180 Damiano,
380 1107 447 1164 tum
480 1101 627 1162 Nicolaus
662 1101 715 1161 11⁰⁸
747 1099 779 1158 in
814 1099 944 1160 coneilio
979 1117 1114 1161 romano

181 1198 255 1262 anni
270 1199 364 1272 1059,
379 1198 447 1256 tum
461 1194 640 1255 Alexander
657 1194 710 1254 11¹1·
731 1192 832 1272 (1063)
849 1196 1000 1252 curarunt
1012 1193 1112 1252 vitam

182 1306 381 1356 communem
394 1305 553 1348 revocare.
571 1287 643 1347 Fuit
652 1284 719 1346 haec
730 1285 770 1345 ad
782 1285 881 1345 instar
891 1284 1114 1346 exercitiorum

181 1381 388 1466 spiritualium
406 1398 463 1459 pro
484 1383 551 1442 toto
564 1379 647 1440 clero
661 1377 793 1454 indicta,
811 1380 847 1438 ut
868 1396 888 1438 a
906 1377 1013 1439 saeculi
1028 1377 1114 1439 vitiis

181 1475 396 1538 mundaretur.
422 1475 539 1537 Verum
562 1471 622 1533 hoc
644 1471 706 1531 fine
732 1471 876 1546 obtento,
905 1470 1020 1531 iterum
1046 1470 1115 1532 col-

181 1570 270 1648 lapsa
284 1570 341 1630 cst.

220 1659 424 1737 luterim‚sub
439 1657 498 1718 hac
510 1655 708 1718 revocatione
719 1653 893 1716 communis
907 1655 980 1716 vitae
990 1655 1114 1716 factum

183 1757 285 1818 estut
309 1751 458 1814 nonnullo
476 1748 580 1828 capita
602 1749 788 1810 clericorum
811 1767 866 1808 seu
887 1747 1114 1809 canonicorum

182 1847 264 1910 hauc
277 1846 420 1924 regulam
432 1843 504 1905 vitae
517 1841 691 1904 communis
703 1847 875 1920 spontanea
886 1841 1036 1901 electione
1046 1859 1116 1904 am—

183 1940 274 2020 plexa
287 1938 358 2015 sint,
370 1955 438 2000 ‚ncu
451 1940 516 1998 tam
529 1938 565 1995 ut
578 1935 720 1996 viverent
733 1934 831 1994 vitam
847 1933 1034 2010 clericalem,
1057 1934 1117 1994 sed

182 2035 217 2094 ut
239 2032 271 2092 iu
290 2030 470 2092 ulteriorem
492 2027 717 2090 contenderent
736 2026 972 2104 perfectionem,
999 2026 1117 2087 additis

182 2126 277 2187 ctiam
290 2123 370 2185 volis
384 2121 588 2201 paupertatis,
603 2119 789 2180 obedientiae
803 2122 835 2179 et
849 2119 1010 2180 castitatis.
1023 2119 1117 2181 Unde

182 2216 286 2279 clerici
298 2215 330 2275 iu
343 2215 502 2293 regulares
518 2216 550 2275 et
563 2213 721 2274 seculares
737 2211 874 2273 distincti
889 2215 963 2272 suut
979 2233 985 2273 :
1000 2211 1045 2271 illi
1060 2212 1115 2292 qui

182 2308 432 2370 monachismum
451 2306 612 2368 clericatui
632 2304 866 2381 consociarent,
885 2303 919 2364 hi
933 2305 985 2385 qui
1007 2304 1040 2364 iu
1055 2321 1117 2366 sae-

183 2403 253 2466 culo
268 2400 424 2472 clericalia
435 2397 543 2460 munia
555 2399 688 2459 obirent.

221 2495 254 2556 2⁰
279 2493 401 2555 Ordines
432 2493 587 2553 militares.
615 2493 755 2552 Fuerunt
780 2489 923 2552 instituta
952 2491 1114 2570 regularia

184 2579 253 2668 quae
279 2591 395 2648 statum
413 2585 595 2663 religiosum
620 2601 692 2642 cum
713 2586 796 2644 statu
819 2582 938 2644 militiae
960 2588 1113 2660 armatae,

182 2679 321 2742 studium
336 2677 523 2756 evangelica
544 2675 743 2756 perfectionis
758 2693 830 2735 cum
845 2675 949 2736 animo
963 2675 1114 2738 bellicoso

183 2771 412 2834 consociarunt.
430 2771 491 2830 Res
506 2768 633 2849 quidem
645 2767 727 2828 mira
745 2768 859 2829 vidisse
875 2767 1036 2847 religiosos
1048 2768 1115 2830 bel-

181 2861 367 2944 ligerantes3
383 2866 449 2924 tam
467 2861 533 2940 pia,
550 2878 650 2937 sacra,
672 2859 766 2936 utilis,
784 2877 880 2940 quam
895 2861 1042 2924 Ecclesiae
1058 2861 1116 2922 de-
1240 2949 1241 2952 Ἴ

182 2954 280 3018 lensio
295 2955 327 3016 id
341 2954 522 3034 postularet.
546 2952 699 3014 Fervebat
713 2951 797 3012 enim
812 2956 879 3014 tum
903 2953 1113 3032 lslamismus,

181 3051 214 3110 et
232 3048 377 3109 universo
402 3045 503 3109 ordini
522 3045 588 3106 sive
605 3044 767 3123 religioso,
784 3042 850 3105 sive
871 3045 997 3124 politico
1016 3045 1115 3108 totius

182 3141 315 3219 lluropae
331 3139 524 3200 imminebat.

220 3232 461 3312 Igiturrpligiosi
471 3231 585 3292 milites
599 3249 688 3290 arma
697 3235 907 3310 sumpserunt,
922 3236 1038 3294 statum
1047 3232 1115 3293 bel-

180 3325 313 3386 licosum
328 3343 366 3385 ex
377 3325 517 3386 instituto
533 3323 663 3402 professi
679 3327 761 3400 sunt,
772 3325 933 3386 ut'lurcas
948 3343 1004 3386 seu
1019 3326 1116 3386 Sara-

181 3435 275 3478 cenos
284 3417 475 3495 subigerent,
485 3434 601 3496 eosque
617 3435 637 3476 a
651 3415 827 3477 christianis
839 3415 1022 3478 divexandis
1037 3433 1116 3482 ceu*-

118 3593 122 3598 .
179 3506 325 3578 linerent.
