2514 4014
317 305 425 353 merca
446 305 599 353 susurrus
619 305 703 352 uuus
727 305 881 355 caucana
1025 295 1063 356 27

137 449 217 528 quod
239 447 381 510 Christus
406 447 473 526 ipse
495 448 601 526 plures
625 447 822 510 constituerit
835 447 937 511 fontes
959 449 1065 530 legum

135 539 418 603 ecclesiasticarum
444 540 612 620 pluresque
637 541 754 620 gradus
777 541 957 620 potestatis,
988 543 1065 604 nihil

134 633 265 712 impedit
280 633 447 712 quominus
461 633 593 710 dicatur,
611 651 684 694 cum
704 633 908 710 Bellermino‚
925 636 1065 714 regImen

134 725 281 788 llcolesiae
297 743 365 785 esse
382 725 599 787 monarchiam
614 726 719 804 aliquo
735 726 888 788 elemento
901 727 1067 790 aristocre—

133 818 1065 900 tiootemperatam.Idenimnihilaliudsignificatuisiquod,

133 913 251 990 praeter
273 927 455 987 supremum
470 911 706 988 pontificatum,
733 911 873 971 Christus
893 911 959 989 ipse
978 931 1067 992 quos-

134 1005 208 1064 dam
213 1002 333 1082 gradus
340 1003 503 1080 potestatis
513 1003 655 1064 instituit.
667 1001 729 1064 Sed
740 1021 864 1081 semper
871 1004 1068 1066 retinendum

135 1098 181 1156 est
195 1094 360 1172 episcopos
370 1095 552 1174 singillatim
565 1098 705 1174 sumptos
719 1094 837 1156 nullam
848 1097 985 1159 nancisci
996 1116 1070 1178 par·

135 1191 199 1250 tem
218 1205 375 1264 suprema
390 1188 564 1265 potestatis,
589 1191 621 1250 et
634 1189 738 1267 ipsum
747 1206 861 1266 corpus
879 1191 1067 1269 episcopale,

136 1278 260 1340 nonnisi
282 1297 320 1338 ex
334 1297 393 1338 sua
411 1279 631 1359 conjunctione
646 1297 718 1340 oum
742 1281 883 1344 Romano
899 1283 1068 1360 Pontifice‚

136 1372 243 1434 valere
258 1375 347 1434 actus
360 1389 515 1450 suprema
527 1371 720 1434 auctoritatis
731 1372 854 1435 elicere.

509 1556 638 1616 CAPUT
660 1556 697 1616 II.

377 1709 416 1751 DE
437 1707 508 1753 FlNE
530 1709 568 1753 ET
589 1707 716 1754 OBJECTO
738 1707 833 1754 LEGIS.

179 1840 203 1901 l.
228 1838 314 1899 Finis
329 1840 360 1898 et
370 1836 528 1917 objectum
541 1837 649 1916 legum
662 1837 944 1900 ecclesiasticarum
959 1837 1074 1918 duplici

140 1931 235 1993 modo
247 1933 379 2009 possunt
398 1930 600 2006 considerari,
618 1929 764 1992 videlicet
782 1931 882 1992 autin
895 1949 1010 2010 genere
1022 1934 1077 1993 aut

139 2024 257 2104 specie.
277 2022 437 2084 Generalis
451 2022 564 2084 horum
581 2022 779 2102 investigatio
798 2023 937 2085 breviter
950 2024 1077 2085 conclu-

141 2117 246 2179 ditur:
668 2137 669 2140 ¹

182 2211 261 2272 (lum
272 2209 356 2268 enim
368 2208 474 2286 legum
483 2207 553 2289 finis
563 2209 603 2270 sit
611 2209 730 2270 bonum
743 2227 908 2270 commune
921 2209 1078 2270 societatis

142 2320 200 2382 pro
215 2320 279 2382 qua
289 2302 443 2378 feruntur,
459 2300 618 2381 objectum
628 2305 733 2362 autem
743 2303 1081 2364 constituantaetlones

143 2393 354 2470 subditorum,
370 2393 550 2472 hujusmodi
561 2393 749 2472 principium
759 2394 957 2473 applicando,
969 2395 1079 2473 paucis

144 2487 249 2548 dicere
264 2505 430 2565 possumus
446 2486 530 2566 quod
544 2486 615 2547 linis
626 2487 733 2565 legum
749 2486 1029 2548 ecclesiasticarum
1040 2487 1079 2548 sit

144 2579 249 2640 bonum
264 2578 576 2654 communrllcolesiae,
595 2579 752 2659 objectum
769 2583 875 2641 autem
897 2580 1078 2640 earumdem

144 2673 272 2734 cotiones
286 2671 538 2732 christianorum.

185 2767 304 2828 Verum
314 2783 387 2824 cum
398 2763 541 2826 subtilius
551 2766 659 2842 posset
666 2764 780 2844 inquiri
795 2764 955 2844 quodnam
968 2764 1080 2826 sithoc

145 2860 265 2920 bonum
280 2875 446 2918 commune
459 2856 544 2936 quod
558 2853 692 2917 intendit
703 2857 852 2934 Ecclesia,
868 2858 1027 2937 quodnam
1041 2858 1082 2919 sit

147 2951 306 3031 objectum
321 2949 405 3010 circa
420 2949 504 3029 quod
522 2949 637 3010 debent
650 2950 769 3010 versari
786 2951 923 3012 actiones
938 2950 1082 3012 christia-

147 3061 272 3120 norum,
286 3043 359 3104 inde
374 3043 517 3121 estquod
536 3042 713 3103 necessaria
731 3043 771 3105 sit
792 3043 934 3121 specialis
954 3043 1082 3104 investi-

149 3137 234 3216 gatio
256 3135 436 3216 quoenohis
457 3133 603 3196 exhibeat
624 3135 762 3196 indolem
788 3139 819 3196 et
845 3137 992 3196 naturam
1011 3155 1080 3216 quae

148 3229 271 3310 legibus
285 3228 398 3290 nostris
412 3227 578 3306 singularis
594 3231 650 3288 est.

190 3322 227 3383 11.
235 3323 253 3383 J
256 3339 307 3382 am
321 3339 397 3382 vero
412 3338 483 3380 cum
497 3321 567 3382 finis
583 3323 815 3400 propterquam
827 3320 966 3384 Christus
978 3323 1081 3383 Eccle-

150 3415 229 3475 siam
241 3413 387 3475 fundavit
401 3417 432 3476 et
447 3413 688 3474 ecelesiasticam
702 3413 835 3476 instituit
849 3415 1079 3489 auctoritatem,

151 3507 245 3568 fuerit
272 3523 420 3586 reparare
447 3505 582 3568 hominis
608 3523 716 3567 casum
740 3505 772 3566 in
798 3505 907 3568 ordine
926 3505 967 3566 ad
987 3507 1083 3565 tinem
