2484 4016
169 257 228 320 {iffl
380 267 610 324 mammaeam
629 268 713 322 tusis
736 267 890 326 statilia

171 413 245 478 diue
259 413 300 477 ed
314 413 414 478 aedem
427 431 560 491 sacram,
575 415 769 493 competeret
782 410 940 480 fundatori
965 409 1019 492 qui
1043 429 1108 476 uon

171 507 265 570 modo
278 505 379 568 eedem
391 524 525 584 sacram,
540 505 703 572 sedaliam
721 501 828 567 'locum
843 505 893 568 rel
904 504 1002 582 pium,
1017 503 1108 567 verbi

172 599 274 679 gratie
285 599 473 678 hospitalem
484 600 624 677 domum,
636 600 686 662 vel
698 598 889 678 religiosam,
902 601 936 658 ut
949 599 1110 659 monaste-

171 693 253 756 rium
273 693 323 752 vel
351 692 479 772 aliquod
496 693 633 755 officium
645 693 684 752 de
705 708 767 760 aere
782 709 838 752 suo
852 689 1011 758 erexisset.
1036 691 1106 750 Imo

173 785 291 866 hocjns
301 803 364 846 non
374 788 496 849 tentum
509 785 618 854 datum
632 788 679 847 est
691 785 719 844 ei
732 783 785 863 qui
799 783 838 844 de
853 801 919 854 ¹sara
934 783 1108 852 suolocum

174 879 262 940 illum
282 877 487 955 instituisset,
511 879 566 941 sed
588 877 683 939 etiem
706 877 736 938 ei
750 875 802 956 qui
821 893 936 955 magna
951 892 989 934 ex
1012 878 1106 954 parte

172 971 321 1050 gravibus
346 970 495 1049 impensis
515 971 555 1033 ad
576 971 680 1034 locum
695 971 745 1031 vel
765 968 904 1044 officium
921 966 998 1028 iilud
1012 967 1107 1030 insti-

170 1064 324 1126 tuendum
337 1064 386 1124 vel
401 1063 613 1142 reparandum
628 1063 847 1124 concurrisset.
955 1089 958 1096 ·

209 1157 289 1228 Quin
304 1175 367 1218 uon
392 1157 534 1218 habitum
555 1160 602 1221 est
620 1157 681 1217 hoo
704 1155 856 1237 josedec
878 1151 1044 1235 personale
1071 1156 1109 1214 ut

169 1267 242 1310 cum
259 1267 394 1328 persona
408 1249 451 1328 pii
468 1249 643 1312 fundatoris
665 1248 848 1326 expirasset,
873 1247 929 1308 sed
946 1245 1051 1327 prouti
1064 1246 1108 1318 ph

99 1350 104 1358 ’
170 1343 311 1407 ecclesie
327 1343 543 1413 fundationem
553 1343 691 1423 aliquem
702 1340 952 1406 imminutionem
962 1338 1109 1418 pecunise

171 1439 238 1499 tote
250 1435 371 1503 semilis
384 1435 559 1504 fundatoris
575 1435 724 1512 subierat,
742 1435 786 1495 its
808 1437 839 1495 et
852 1433 905 1514 jus
917 1433 977 1502 hoe
990 1432 1110 1495 funda-

171 1529 232 1592 tori
251 1528 394 1608 primitua
425 1547 618 1606 concessum,
650 1533 801 1608 tanquam
821 1529 1008 1608 perpetuum
1034 1525 1109 1589 fieri

170 1621 277 1700 coepit,
300 1622 384 1702 qued
405 1640 518 1700 nempe
540 1622 573 1682 in
597 1621 675 1683 ulios
694 1621 759 1682 sive
780 1620 851 1700 jure
866 1618 1021 1698 generalis
1035 1617 1108 1682 siue

169 1713 313 1794 specialis
327 1714 533 1782 successionis
543 1714 574 1775 in
585 1731 784 1782 successores
793 1711 1083 1774 transfunderetur.

211 1809 258 1868 Ex
292 1807 405 1887 quibus
426 1808 571 1870 omnibus
588 1807 633 1870 sic
656 1810 759 1886 potest
786 1807 847 1868 hoc
869 1805 921 1886 jus
946 1802 1110 1866 describi:

170 1899 225 1961 ast
244 1899 296 1979 jus
317 1903 501 1978 patronatus
517 1901 571 1980 jus
593 1900 743 1980 singulare
762 1898 798 1960 ab
818 1897 953 1961 Ecclesia
980 1895 1109 1976 deniqne

169 2010 331 2054 eoncessum
352 1993 388 2064 iis
406 1993 460 2074 qui
476 1992 677 2072 fundaverunt
706 1993 753 2054 oel
782 1997 1021 2054 restauraverunt
1040 1989 1111 2050 loce

167 2103 262 2162 suoru,
276 2085 338 2165 pic,
350 2086 498 2166 relipiosc,
512 2093 564 2146 eut
573 2085 764 2153 ecclesiastiea
775 2084 879 2168 officie
890 2102 939 2144 seu
949 2081 1105 2162 beneficia,

166 2178 467 2259 eorumqrelepilimz's
479 2179 696 2256 suecessoribus,
716 2178 870 2240 consistens
889 2175 1023 2237 incertis
1046 2173 1108 2236 Iro-

168 2270 297 2346 nerllus,
311 2271 465 2341 commodis
477 2279 505 2333 et
519 2272 652 2337 comibus
663 2272 694 2332 in
703 2271 805 2335 ordine
818 2271 859 2334 ud
871 2270 965 2340 locem
979 2269 1025 2336 cel
1032 2268 1111 2350 offi-

168 2363 244 2430 aum
257 2364 380 2446 quodec·
391 2365 521 2446 ipsorum
537 2365 713 2434 liberalitate
728 2365 861 2426 letetur.

207 2460 245 2523 X.
271 2461 339 2532 Ona
359 2459 461 2538 posita
483 2459 528 2520 rei
551 2459 691 2534 notione,
712 2458 877 2538 sequentia
904 2456 1112 2528 theoremata

171 2551 210 2617 de
225 2551 323 2630 ipsius
336 2551 468 2632 hujusce
477 2551 557 2632 juris
569 2551 719 2615 limitibus
736 2550 823 2632 sequi
839 2550 1005 2615 videntur:

210 2647 507 2724 i⁰luspatronetus
534 2663 573 2707 ex
600 2644 739 2709 ccclesia
761 2643 953 2708 institutione
977 2642 1111 2714 omnino

171 2737 346 2810 descendit;
370 2755 439 2817 quae
464 2736 616 2799 institutio
639 2757 694 2797 seu
713 2735 872 2806 concessio
888 2754 951 2800 non
962 2734 1114 2808 innititur

171 2830 277 2896 stricto
301 2833 332 2890 et
351 2830 495 2908 rigoroso
514 2829 590 2910 juri,
616 2830 672 2900 sed
685 2829 867 2908 simpliciter
879 2827 1062 2908 gratitudini
1078 2836 1115 2889 et

169 2922 354 3002 benignitati
365 2923 524 3000 Ecclesia,
533 2943 603 3003 quae
613 2923 673 2984 hoc
683 2923 777 2989 modo
789 2921 995 2992 cohonestare
1005 2921 1115 2992 voluit

170 3016 392 3082 liberalitatem
411 3035 520 3081 eorum
543 3016 596 3095 qni
626 3034 688 3077 aere
712 3033 775 3102 suo·
791 3015 925 3095 propriis
943 3013 1111 3093 impensis,

170 3109 318 3170 Ecclesiae
333 3109 573 3172 benefecissent.

210 3207 241 3271 2⁰
263 3205 329 3268 Hoc
346 3201 399 3282 jus
418 3221 482 3270 non
503 3205 550 3272 est
569 3203 782 3270 ecclesiastica
793 3201 971 3283 jurisdictio
987 3219 1025 3262 ex
1043 3219 1116 3262 una

171 3297 272 3372 purte,
294 3312 353 3357 nce
368 3297 416 3363 est
429 3294 561 3373 simplex
572 3294 624 3373 jus
639 3295 814 3357 advocatias
827 3314 866 3355 ex
880 3295 979 3356 altera
994 3296 1088 3374 parte
1104 3315 1111 3356 :

171 3403 235 3453 non
250 3385 387 3462 primum
402 3387 476 3464 quia
500 3390 631 3465 patrono
654 3388 775 3454 nullum
795 3387 847 3469 jus
868 3386 1115 3460 administrandi

170 3474 219 3542 uel
232 3475 430 3553 gubernandi
445 3478 618 3548 Ecclesiam
629 3483 765 3558 appetam
782 3498 841 3554 nec
852 3479 997 3562 alterum,
1009 3478 1117 3567 siqui-
