2512 4012
372 297 410 340 ns
433 296 561 343 osssoro
582 300 663 344 sarrs
686 299 841 346 cenorum.
1015 285 1073 347 ala

140 437 278 518 insigniti
294 440 506 518 facultatibus,
524 443 567 502 ita
582 447 616 503 ut
631 443 751 521 possint
765 445 868 524 aliquo
883 445 978 507 modo
989 463 1074 507 com-

141 533 244 610 parari
269 533 509 610 proconsulibus
534 535 565 594 in
585 539 620 596 R.
648 539 696 613 P.,
717 537 928 617 vice-regibus
951 539 984 598 in
1016 540 1075 599 im-

141 643 238 703 perro.

99 777 102 783 .
178 721 301 778 Horum
325 719 502 798 legatorum
527 721 682 794 maximus
708 721 766 783 fuit
784 741 859 784 usus
875 725 1074 805 maximaque

142 813 312 873 auctoritas
337 832 409 874 saec.
437 816 490 874 Xl⁰
516 818 558 875 et
572 815 789 894 sequentibus,
807 817 961 895 siquidem
975 819 1076 898 major

142 905 251 966 fnisset
264 905 349 966 hisce
365 905 397 964 in
411 907 604 984 temporibus
615 909 793 984 necessitas
811 913 846 969 ut
857 911 993 971 aetasilla
1006 930 1075 990 quae

142 997 329 1078 ignorantiae
346 1000 467 1059 saeculis
483 1005 677 1060 successerat
688 1001 840 1062 influxum
856 1003 984 1064 sentiret
998 1022 1076 1081 pon-

143 1091 246 1152 tificiae
263 1091 434 1169 dignitatis
706 1091 715 1108 '

183 1186 339 1245 Successu
364 1204 439 1246 vero
454 1186 614 1266 temporis,
636 1205 674 1246 ne
688 1205 745 1264 per
759 1186 938 1267 hujusmodi
952 1187 1077 1268 amplis-

144 1278 238 1338 simas
265 1280 296 1338 et
320 1278 494 1340 ordinarias
517 1280 689 1358 legationes
713 1281 763 1341 vel
788 1281 953 1342 imminuta
978 1281 1077 1342 videri

145 1374 250 1449 posset
262 1389 300 1430 ea
315 1371 450 1450 dignitas
460 1371 611 1450 primatus
627 1393 696 1452 quae
712 1374 784 1434 solis
805 1375 953 1451 competit
964 1377 1079 1434 Roma-

145 1465 192 1524 nis
205 1461 419 1540 Pontificibus,
438 1466 488 1525 vel
503 1465 666 1525 vilesceret
681 1466 840 1526 ordinaria
861 1466 1079 1544 episcoporum

146 1557 306 1634 dignitas,
338 1556 546 1636 elanguerunt
574 1557 754 1636 hujusmodi
782 1558 979 1636 legationes,
1010 1575 1078 1635 qum

145 1649 236 1710 hodie
258 1649 377 1727 ingenti
399 1649 500 1709 solum
513 1650 551 1709 de
573 1669 668 1710 causa
683 1652 930 1712 committuntur.
950 1651 1080 1711 Verum-

145 1745 249 1802 tamen
259 1761 322 1802 non
339 1741 410 1801 ideo
424 1741 531 1802 aboliti
544 1745 617 1803 sunt
632 1743 811 1822 hujusmodi
826 1742 920 1820 legati
942 1741 1015 1803 facti
1030 1741 1078 1800 uel

146 1835 239 1896 missi.
249 1837 329 1895 Nam
338 1835 479 1895 licethoc
491 1854 605 1895 munus
615 1835 682 1895 dari
694 1853 756 1896 nou
765 1835 863 1895 soleat
872 1833 929 1895 nisi
941 1836 973 1895 S.
988 1835 1022 1893 Ε.
1041 1835 1077 1892 a.

147 1927 366 2003 cardinalibus
384 1931 489 1988 tamen
506 1928 574 1988 aliis
589 1929 727 2006 praelatis
738 1927 955 1988 ecclesiasticis
970 1943 1081 1988 conce·

147 2020 228 2081 ditur
241 2019 294 2098 qui
310 2039 424 2080 nomen
440 2024 567 2081 sumunt
581 2020 806 2081 nuntiorumvel
822 2020 1079 2092 internuntiorum,

148 2113 198 2192 qui
211 2112 243 2172 id
259 2113 398 2172 muneris
410 2113 527 2173 habent
540 2115 608 2172 tum
621 2113 767 2174 servandi
783 2113 901 2174 amicas
914 2111 1081 2172 relationes

147 2205 226 2266 inter
252 2204 464 2265 sacerdotium
491 2208 522 2264 et
544 2205 649 2264 saeculi
666 2205 834 2283 principes,
851 2209 918 2266 tum
941 2204 1036 2265 etiam
1050 2201 1082 2261 in

146 2299 213 2360 loco
227 2316 292 2358 suae
306 2297 482 2376 legationis,
493 2297 651 2359 Pontificis
664 2298 795 2370 nomine¹
805 2298 942 2377 aliquam
953 2299 1083 2375 possunt

148 2408 291 2451 exercere
300 2388 560 2469 jurisdictionem.

186 2485 253 2544 XX.
280 2485 368 2543 Nunc
388 2483 584 2542 traducenda
605 2485 677 2542 sunt
696 2480 851 2559 principia
874 2481 914 2540 ad
935 2480 1083 2541 determi-

148 2576 285 2637 nandam
300 2575 519 2636 auctoritatem
541 2575 655 2634 horum
679 2573 795 2633 diversi
813 2571 946 2633 nominis
960 2573 1082 2651 legete-

148 2687 228 2744 rum,
248 2686 382 2746 quorum
401 2686 513 2746 nempe
535 2666 710 2746 jurisdictio
737 2665 829 2726 certis
855 2663 1083 2742 episcopalibus

147 2761 275 2822 sedibus
290 2779 351 2820 non
364 2760 506 2820 inhaeret.
640 2769 642 2774 ’

188 2854 461 2926 Quemadmodum
485 2852 580 2930 legati
607 2851 756 2912 ordinarii
780 2849 911 2913 Romani
927 2845 1104 2910 Pontifiois.

148 2947 179 3007 in
196 2947 276 3007 duas
291 2946 526 3024 distinguuntur
541 2946 656 3006 classes
672 2945 837 3024 (quatenus
853 2944 999 3003 dicuntur
1020 2939 1083 2999 nati

149 3041 198 3100 vel
214 3037 323 3117 missi),
337 3038 381 3098 ita
395 3041 426 3098 et
450 3037 572 3097 diuersa
588 3039 682 3099 statui
703 3038 853 3099 deberent
868 3033 1020 3114 principia
1045 3031 1084 3090 ad

150 3132 313 3210 utriusque
324 3132 441 3209 gradus
449 3129 523 3209 jura
537 3131 818 3207 auctoritatemque
834 3123 1081 3188 determinanda.

151 3227 267 3287 Verum
293 3242 390 3302 quum
413 3223 508 3301 legati
533 3222 598 3282 nati
622 3222 734 3283 imitati
760 3224 832 3280 sunt
859 3216 1084 3277 institutionem

151 3317 461 3396 archiepiscoporum
471 3315 520 3375 vel
532 3314 736 3392 primatuum,
751 3313 795 3372 ita
809 3314 841 3371 et
850 3309 941 3370 simili
950 3308 1020 3390 jure
1036 3327 1085 3368 re-

151 3413 278 3488 guntur.
305 3411 485 3486 Propterea,
503 3406 676 3485 generatim
704 3404 874 3483 loquenda,
895 3403 934 3463 ad
960 3403 1085 3461 illorum

152 3501 371 3562 auctoritatem
390 3498 660 3561 determinandam
683 3500 811 3577 possent
835 3493 985 3575 applicari
1015 3492 1085 3571 plus
