2484 4016
154 297 213 358 336
364 309 597 358 rusrrrurronus
617 309 700 358 rums
721 309 876 358 esuouror.

156 445 283 506 serrata
303 441 410 504 debita
437 440 630 523 subjectione
653 441 763 522 primae
788 441 874 520 sodi,
893 442 1093 506 considerari

156 538 326 616 potuerunt
339 539 491 615 tanquam
503 535 668 600 societates
682 536 828 615 perfecta
844 554 913 616 qua
932 553 991 598 sua
1011 555 1094 616 gau·

157 630 268 691 derant
287 627 416 714 propria
442 627 649 706 auctoritate,
676 627 740 690 suis
765 628 976 709 peculiaribus
996 646 1093 709 rege-

157 726 267 786 rentur
279 721 411 800 legibue,
427 720 459 780 id
481 738 573 781 omne
594 721 748 784 haberent
761 722 847 802 quod
870 740 927 802 pro
941 721 989 782 sui
1005 722 1094 783 exis-

155 815 255 880 tentia
269 819 300 877 et
310 813 518 893 perpetuitate
528 812 609 876 foret
623 813 843 876 necessarium.

196 911 231 970 5⁰
260 907 393 969 Domum
421 906 579 968 monastica
617 904 784 968 taumatia
807 906 945 988 perfecto
974 909 1091 972 evasit

157 1001 263 1065 Prima
273 998 414 1080 periodo,
427 998 559 1079 singulae
569 999 796 1063 monachornm
804 999 930 1062 familiae
940 999 1000 1062 sub
1010 1019 1093 1082 praa·

158 1093 259 1174 posito
274 1111 330 1153 sno
342 1091 434 1153 locali
448 1111 503 1154 seu
514 1093 628 1155 abbate
641 1094 791 1174 peculiari
806 1093 982 1156 constituta
996 1099 1090 1170 sunt;

159 1189 326 1267 propterca
344 1185 463 1246 familia
485 1187 659 1249 monastica
681 1207 743 1249 non
757 1187 895 1249 habebat
915 1186 973 1248 nisi
990 1205 1092 1248 unum

158 1464 326 1546 perfectior
339 1464 448 1541 evasit,
464 1464 582 1527 scilicet
600 1471 671 1547 post
691 1467 946 1529 reformationem
962 1465 1091 1528 Clunia-

160 1576 286 1620 censem
306 1560 337 1619 et
353 1557 596 1634 ¹Cisteroiensem
614 1580 621 1621 :
638 1560 683 1623 illi
700 1559 941 1621 introduxerunt
956 1557 1090 1620 citatem

158 1651 334 1731 pecudem,
349 1649 408 1729 ipsi
421 1650 520 1732 cupita
529 1653 680 1732 generalia
689 1653 830 1716 omnium
847 1653 997 1715 abbatum
1006 1653 1091 1714 luca·

159 1743 247 1805 lium.
810 1791 814 1799 .

201 1839 276 1900 lnde
285 1839 461 1900 hierarchia
470 1840 731 1904 monasteriorum
739 1839 850 1901 habuit
858 1839 937 1900 duos
948 1837 1086 1918 gradus:

159 1931 302 1993 infimum
320 1935 352 1993 et
371 1949 563 2010 supremum.
591 1933 701 1994 Nullus
724 1932 828 1994 adhuc
846 1934 914 1993 erat
931 1931 1089 1992 institutus

160 2024 364 2088 intermedius
384 2026 579 2088 auctoritatis
599 2025 726 2106 gradus,
746 2025 799 2106 qui
813 2024 966 2104 originem
980 2023 1090 2085 habuit

160 2117 282 2198 epocha
302 2118 464 2197 presenti,
478 2118 626 2180 videlicet
640 2117 833 2180 institutione
851 2117 984 2179 fratrum
1003 2134 1089 2177 men-

161 2209 343 2273 dicantium.
374 2210 560 2291 Hujusmodi
588 2211 729 2288 ordines,
754 2213 883 2290 proptor
905 2209 1089 2272 latissimam

162 2320 271 2367 eorum
295 2302 514 2381 diffusionem,
540 2308 654 2383 prater
678 2302 881 2384 prepositum
904 2302 1037 2364 localem
1060 2303 1091 2364 et

162 2396 367 2478 praepositnm
378 2396 580 2476 generalem,
603 2396 742 2459 habuere
757 2396 952 2477 prepositum
966 2395 1091 2476 prociu-

162 2491 275 2552 ciulem.
308 2490 359 2552 Sic
392 2489 591 2552 Franciscani
619 2489 757 2552 habuere
787 2507 878 2550 suum
905 2488 1090 2569 magistrum

161 2585 353 2664 generalem,
361 2601 434 2644 suos
443 2583 661 2661 provinciales
671 2587 861 2663 suosque,ut
869 2582 988 2658 dicunt,
996 2599 1091 2661 guar-

162 2677 287 2750 dianos;
326 2676 576 2756 predicatores,
613 2694 705 2738 suum
736 2676 922 2756 magistrum
957 2692 1091 2755 genera·

161 2770 235 2847 lem,
259 2773 336 2843 etc.;
350 2769 578 2849 Augustianani
591 2772 623 2830 et
637 2769 830 2846 Carmelitae,
847 2787 939 2830 suum
953 2767 1091 2847 priorem

162 2862 354 2943 generalem,
362 2866 421 2924 etc.
440 2862 491 2924 Sic
502 2866 534 2924 ct
546 2862 631 2941 apud
640 2861 812 2924 monachos
826 2861 952 2923 fuerunt
962 2861 1091 2922 abbates

162 2955 335 3036 generales,
362 2954 492 3016 abbates
512 2955 774 3018 monasteriorum
794 2958 825 3017 et
847 2955 968 3034 priores
993 2954 1091 3015 olaus-

162 3048 267 3111 trales.
285 3046 336 3110 Sic
348 3050 379 3109 et
394 3047 572 3110 introducta
592 3049 665 3110 suut
677 3048 779 3128 capita
793 3046 1012 3127 provincialia,
1029 3063 1090 3106 ser·

162 3143 237 3201 vata
249 3139 395 3219 analogia
409 3157 478 3220 quae
490 3139 623 3204 habetur
632 3140 664 3201 in
676 3141 815 3203 Ecclesia
825 3138 906 3202 inter
918 3139 1090 3202 ordinarios

164 3234 195 3294 et
208 3231 341 3311 collegia
355 3231 511 3294 clericalia
523 3249 593 3312 qua
609 3232 670 3294 illis
683 3233 831 3310 assident,
848 3235 908 3294 eto.

203 3324 294 3398 Unde
308 3325 385 3386 ordo
399 3324 589 3387 monasticus
608 3325 719 3388 habuit
731 3325 887 3405 triplicem
905 3323 1088 3388 hierarchia

163 3415 312 3493 gradum,
337 3415 494 3477 inordina
512 3421 581 3479 tum
604 3417 810 3499 singularium
825 3417 1086 3498 praepositorum,

163 3506 231 3566 tum
244 3505 458 3583 wlleffiorum,
475 3511 534 3572 etc.
554 3510 641 3574 Idem
652 3509 825 3574 nomadum
839 3513 887 3574 est
900 3513 932 3574 et
953 3510 986 3572 in
1008 3509 1088 3572 ordi·

1211 473 1214 578 l

1212 582 1215 688 l

1214 690 1216 778 l

1215 796 1217 898 l

33 1289 36 1294 '
158 1277 344 1340 hierarchia
362 1277 519 1357 gradum,
547 1279 693 1344 videlicet
713 1281 860 1342 abbatem
879 1297 935 1342 seu
965 1283 1091 1359 patrem
1220 1273 1221 1276 '

159 1372 241 1434 illius
253 1370 389 1432 familiae.
408 1372 554 1434 Secunda
565 1376 672 1435 entem
681 1373 822 1454 periodo,
832 1372 900 1434 haec
912 1372 1091 1435 hierarchia
1222 1444 1223 1454 χ
