2512 4012
143 272 203 334 m
364 281 594 332 mensurarum
613 281 696 330 rous
715 279 872 330 arnamar.

144 427 393 492 contradictione
414 427 603 508 partiam-
614 428 681 490 sive
701 427 850 490 informa
867 426 1082 504 contentiosa,

144 523 214 585 litos
228 521 416 584 dirimendo.
432 522 575 584 Occurrit
595 521 655 584 illis
670 520 976 601 controversiisque
991 520 1084 582 circa

146 633 238 678 usum
251 633 414 676 sacrarum
433 615 694 678 ceremoniarum
708 613 901 676 exoriuntur.

185 707 455 770 Eatraordiocriua
474 709 620 788 dirigitur
638 709 680 770 ad
700 707 916 769 decernendos
943 705 1087 768 honores

147 802 291 882 publicos
307 801 409 864 cultus
430 803 548 864 sanctis
563 801 630 878 Dei,
646 801 712 862 sive
732 819 789 880 per
804 799 1086 877 beatificationem,

147 896 213 957 siva
237 914 296 974 per
324 895 603 956 canonizationem.
630 892 850 975 congregatio,
859 893 892 954 in
904 893 964 954 hoo
990 911 1084 970 casu,

147 1007 272 1069 semper
283 989 316 1050 in
328 989 431 1050 forma
445 987 639 1050 contentiosa
652 991 684 1049 et
695 987 838 1066 ampliori
847 1003 994 1048 consessu
1008 1003 1087 1066 pro-

147 1081 240 1159 cedit,
266 1081 412 1144 videlicet
434 1081 595 1144 advocatis
625 1079 693 1142 aliis
719 1081 814 1142 etiam
846 1078 1083 1142 consultoribus

146 1178 261 1255 prater
273 1173 457 1253 ordinarios,
472 1177 503 1236 et
522 1174 636 1236 auditis
652 1173 890 1254 allegationibus
899 1171 1086 1254 prowm

148 1267 229 1350 fidei,
258 1268 313 1349 qui
338 1267 371 1328 in
396 1267 445 1350 bis
472 1268 598 1350 judieiIs
622 1268 754 1330 sustinet
777 1271 883 1347 partes
896 1285 960 1328 nou
986 1266 1086 1345 longe

150 1362 290 1422 diversas
312 1361 353 1423 ab
377 1361 414 1422 iis
439 1381 509 1443 quae
536 1361 722 1424 incumbunt
745 1361 898 1423 advocato
920 1359 1019 1422 fflcali
1047 1359 1085 1420 in

146 1455 274 1536 judiciis
289 1454 513 1518 criminalibus.
668 1511 671 1515 .

190 1551 319 1612 Gonsmt
331 1549 399 1612 haec
411 1549 613 1628 congregatio
624 1547 845 1624 cardinalibus,
858 1563 991 1627 quornm
1000 1564 1086 1608 unus

148 1641 308 1722 profectae
337 1639 408 1720 'eat‚
444 1640 654 1703 consultoribus
686 1641 829 1720 pluribus
851 1657 888 1702 ac
913 1639 1082 1706 secretorio.

154 1735 263 1796 Plures
284 1734 381 1797 habet
404 1735 593 1798 secretarius
612 1735 837 1818 coadjutorem,
852 1733 935 1796 unda
951 1731 1086 1814 emergit

150 1828 307 1889 secretoria
321 1829 376 1890 SS.
395 1831 459 1890 RR.
805 1886 807 1889 .

191 1921 301 1982 XXIII.
325 1923 357 1982 6ο
386 1919 581 2001 Congreqctio
607 1921 806 2002 cpiscoporum
832 1928 862 1982 et
883 1920 1076 2002 regularium.

152 2013 224 2076 Fuit
244 2013 362 2092 duplex
382 2015 414 2074 in
435 2014 588 2092 primave
606 2033 663 2076 sua
683 2012 887 2092 Institutione,
911 2015 1009 2076 altera
1023 2031 1083 2094 pro

153 2106 379 2169 consultatione
401 2105 620 2186 episcoporum
644 2107 839 2188 aliorumque
868 2108 1081 2187 prelatorum,

151 2199 252 2261 altera
274 2215 331 2278 pro
358 2200 586 2262 consultatione
609 2201 811 2281 regularium.
844 2201 906 2264 Sed
929 2201 961 2262 in
985 2219 1082 2262 unam

151 2292 346 2370 coaluerunt,
356 2309 427 2374 quae
445 2292 529 2356 dicta
541 2297 588 2356 est
600 2294 819 2374 episcopcrum
832 2296 863 2355 at
876 2294 1079 2373 regularium.
1099 2290 1103 2298 ’

192 2388 310 2449 Praeesl
330 2385 400 2448 hac
423 2387 625 2467 congregatio
648 2387 794 2450 omnibus
808 2387 930 2450 casibus
945 2388 1000 2468 qni
1012 2386 1082 2448 affi-

153 2479 239 2542 ciunt
252 2480 303 2542 vel
322 2481 485 2560 episcopos
505 2481 555 2543 vel
567 2481 737 2560 regulares.
754 2482 793 2542 Ill
806 2499 878 2543 cum
890 2481 921 2542 in
933 2480 1004 2562 jure
1015 2481 1081 2542 iare

153 2573 239 2634 nulla
261 2591 355 2636 causa
380 2575 420 2636 sit
443 2591 513 2654 qna
539 2573 580 2634 ad
595 2575 758 2654 episcopos
779 2574 830 2636 vel
843 2574 1005 2654 regulares
1018 2591 1081 2636 nun

153 2667 322 2742 reseratur,
361 2665 430 2728 haec
462 2667 663 2746 congregatio
702 2669 749 2728 est
777 2667 909 2747 negotis
946 2666 1081 2728 refertis-

152 2757 241 2834 sima,
257 2761 287 2818 et
301 2758 406 2819 vocari
421 2758 502 2819 solet
515 2760 701 2840 congregatio
721 2759 817 2841 major
826 2778 839 2821 .·
853 2761 999 2823 Urbanus
1013 2760 1082 2822 vlu

153 2867 223 2911 sam
238 2850 341 2910 dicere
356 2850 476 2912 solebat
486 2853 762 2932 congregationem
775 2853 997 2915 universalem.
1014 2853 1081 2925 Ouo

152 2941 188 3002 fic
210 2944 246 3003 ut
261 2940 351 3004 facile
372 2959 445 3003 cum
463 2943 532 3004 aliis
549 2943 644 3006 etiam
659 2935 955 3025 congregationibus
970 2944 1002 3005 in
1015 2944 1082 3025 qui-

152 3034 286 3096 busdam
320 3035 444 3096 casibus
470 3044 653 3115 concurrat,
683 3038 923 3117 praescindendo
957 3036 1083 3100 abillis

153 3126 285 3206 negotiis
308 3130 516 3209 quaproprie
529 3134 672 3210 spectant
699 3133 740 3194 ad
764 3131 851 3194 alias.
880 3131 983 3196 Habet
1008 3142 1082 3192 suos

152 3220 262 3281 modos
285 3223 476 3302 procedendi
504 3224 536 3285 ln
570 3225 672 3288 forma
703 3225 842 3306 gratiosa
867 3225 916 3286 vel
955 3229 1082 3287 conten-

153 3313 244 3392 dosa,
261 3317 322 3378 etc.

193 3408 339 3485 musac,
371 3410 417 3472 uti
453 3414 575 3474 oaetmae
608 3411 880 3492 congregationes,
918 3407 1082 3472 cardinali-

154 3499 225 3576 bus,
242 3503 302 3564 etc.
