2546 4016
167 233 244 312 ato
379 263 609 312 rusurunonns
630 265 712 312 rums
735 264 888 311 aauourcr.

168 409 292 470 nicatus
311 407 511 486 cathedralis,
541 411 599 470 sub
618 409 743 472 nomine
765 407 907 471 beneficii
935 403 1100 478 vacaturi3

169 501 296 562 nominc
311 501 456 561 beneficii
479 502 621 564 vacaturi
639 522 701 564 non
715 502 803 564 venit
822 500 1011 562 beneficium
1029 517 1104 560 mex

169 597 324 667 erectum;
341 594 399 655 sub
414 595 539 656 nomine
552 595 690 675 generali
705 614 767 656 non
791 590 1103 672 comprehenduntur

169 685 371 765 particularia
381 705 451 766 quae
464 687 521 750 sub
537 689 663 749 nomine
678 688 806 768 speciali
819 687 1033 766 designantur.

208 783 263 840 2⁰¹³
278 780 392 841 Coroll.
409 782 492 860 Ergo
517 782 569 842 ubi
583 800 685 842 sermo
699 782 739 844 sit
760 782 799 842 de
820 779 874 841 tali
899 774 1102 857 dispositione

167 891 240 951 quae
255 873 305 934 vel
314 872 378 953 juri
393 874 551 934 communi
571 875 611 935 sit
625 874 793 951 contraria,
807 873 856 934 vel
874 871 1007 951 publica
1019 870 1104 931 utili-

168 965 223 1026 tati
239 965 433 1044 adversetur,
451 967 502 1027 vel
510 967 639 1028 nimiam
652 968 875 1028 commonstret
887 963 1103 1024 austeritatem

168 1059 218 1118 vel
229 1055 430 1120 severitatem
448 1056 646 1138 legislatoris,
670 1079 786 1122 novam
805 1057 1028 1137 obligationem
1051 1056 1103 1117 uel

168 1151 209 1211 ad
224 1152 349 1229 culpam
363 1152 413 1212 vel
429 1152 469 1212 ad
479 1171 618 1231 pinnam,
632 1153 737 1216 stricte
752 1150 987 1230 interpretanda
1001 1152 1059 1211 est.

206 1246 244 1305 V.
261 1245 307 1304 Ex
321 1244 370 1306 his
391 1245 564 1306 corollariis
584 1246 700 1307 dantur
717 1244 847 1324 intelligi
867 1245 1034 1322 sequentes
1053 1261 1103 1302 re·

167 1337 265 1414 gula,
281 1355 351 1417 quae
366 1337 482 1418 injure
502 1339 654 1399 canonico
676 1337 805 1417 allegari
827 1337 945 1408 solent3
968 1353 1102 1414 quaque

169 1429 217 1490 his
232 1430 394 1510 principiis
413 1431 678 1498 subordinantur:

209 1523 303 1585 Verb.
316 1543 347 1602 g.
366 1545 372 1584 :
392 1523 465 1585 Odia
479 1532 546 1585 sant
561 1523 781 1604 restringenda,
797 1523 912 1602 favores
929 1528 1025 1580 autera
1039 1539 1101 1580 ant·

165 1616 292 1698 ¹pliandi.
310 1616 468 1679 Proniores
487 1637 544 1679 csse
563 1618 694 1678 delentos
713 1616 753 1677 od
771 1614 936 1676 solvendam
956 1633 1043 1694 qnam
1063 1613 1105 1674 ad

170 1709 339 1790 ligandan·
353 1712 402 1771 vel
417 1711 469 1773 ali
477 1712 613 1792 partiam
625 1710 745 1771 obscura
757 1709 816 1769 sint
825 1708 916 1789 jara,
932 1725 980 1766 reo
998 1706 1102 1785 facen-

170 1802 239 1862 alant
258 1809 299 1862 cst
315 1803 416 1882 potius
430 1825 517 1884 quant
529 1805 644 1864 actori:
657 1803 754 1864 actori
771 1801 853 1861 enim
866 1799 1014 1880 obligatio
1026 1817 1101 1878 pro-

107 1883 109 1888 *
169 1895 265 1955 bandi
289 1894 450 1956 incumbit.
472 1896 510 1956 In
529 1896 656 1956 obscuris
676 1895 829 1961 rninintarn
850 1901 892 1954 cst
908 1891 1098 1973 sequendam,

169 2006 224 2048 scu
237 1986 436 2065 quodminus
449 1991 574 2067 gravat3
591 1988 667 2050 item
682 2008 688 2049 :
698 1987 870 2068 principata
883 1985 1021 2067 beneficia
1032 1993 1100 2046 sant

169 2079 388 2160 interpretanda
411 2081 590 2161 largissima·
611 2082 686 2142 item
701 2101 708 2142 ε
726 2081 805 2141 decet
823 2079 970 2160 princntis
993 2077 1099 2160 benefi-

169 2172 246 2232 ciarn
260 2191 520 2234 ascomannorum:
535 2174 619 2234 unde
635 2175 661 2235 si
681 2174 840 2235 dubitetur
859 2191 899 2233 an
911 2171 1097 2250 rescriptum

169 2264 209 2325 sit
223 2267 461 2343 temporaneum
479 2270 534 2328 aut
555 2271 760 2345 perpetuum,
776 2265 1030 2345 praesumendum
1052 2268 1099 2325 est

168 2359 366 2435 perpetuum.
384 2359 462 2419 Item
486 2359 554 2420 aliae
578 2360 696 2438 regulae
717 2379 722 2419 :
742 2377 808 2439 qaa’
828 2379 846 2419 a
860 2358 935 2439 jare,
955 2357 1100 2418 caminam

168 2449 410 2528 enorbitant,non
420 2460 487 2512 cant
498 2451 539 2513 ad
548 2451 682 2512 nltimam
694 2451 923 2532 corneqaentiana
935 2449 1077 2511 tralcnda
1085 2470 1097 2510 .·

167 2542 213 2602 sic
228 2541 409 2623 privilegia,
427 2545 642 2624 exceptioncs;
664 2545 739 2606 item
755 2564 760 2604 :
778 2544 857 2625 qaod
869 2544 960 2604 alicui
972 2543 1098 2623 gratiose

169 2634 345 2710 conceditur,
361 2636 443 2696 tratti
456 2650 513 2698 non
525 2637 608 2698 debet
621 2636 657 2697 ab
671 2637 738 2698 aliis
752 2637 792 2696 ad
805 2637 985 2717 coemptura·
1000 2624 1094 2700 itemi

170 2727 200 2786 in
209 2727 305 2806 panto
324 2729 527 2809 interpretatio
547 2729 698 2810 benignior
711 2730 847 2809 facienda
866 2738 925 2805 est,·
941 2730 1097 2791 meliorest

168 2837 217 2881 reo
231 2818 380 2898 indulgeri
391 2842 478 2902 qaarn
494 2822 670 2884 innocentem
684 2822 822 2884 damnare
826 2842 839 2898 ;
854 2828 885 2884 et
902 2823 947 2884 sic
965 2823 1034 2884 alia
1049 2843 1096 2884 re-

167 2912 260 2991 gulae.

208 3007 259 3067 VI.
276 3008 330 3066 3⁸⁰¹
345 3006 458 3070 Theon.
482 3007 617 3069 Voluntas
633 3009 807 3089 legislatoris
826 3009 893 3070 talis
902 3009 1097 3090 praemitur

169 3099 282 3178 qaalcm
302 3098 440 3160 colibant
458 3101 545 3162 cerba
565 3102 636 3182 legis
655 3103 800 3163 intellecta
822 3102 853 3162 in
872 3122 923 3164 aaa
941 3111 1094 3176 contecta,

167 3191 320 3252 secandam
346 3213 521 3254 commanent
547 3202 576 3254 et
602 3195 714 3256 obviarn
741 3195 984 3276 significationem
1011 3197 1096 3275 vulgo

167 3292 312 3360 receptam
324 3305 357 3346 eo
372 3293 499 3366 ternpore
506 3288 674 3367 prasertim
688 3308 744 3369 qao
757 3288 805 3348 lea
819 3288 898 3348 edita
909 3297 962 3350 cst.
1119 3293 1122 3298 ’

209 3373 298 3436 Ratio
313 3375 406 3456 hujus
421 3379 624 3442 theorematis
636 3384 683 3441 est
695 3380 779 3460 quod
792 3399 855 3441 non
868 3381 992 3442 interna
1004 3383 1096 3462 legis·

165 3465 275 3528 latoris
301 3469 446 3530 voluntas
470 3476 516 3532 est
542 3491 611 3550 quae
634 3474 735 3550 legem
759 3473 850 3549 facit,
872 3474 928 3534 sed
951 3475 1095 3536 voluutas
