2512 4012
395 341 434 387 nn
455 341 583 388 ansero
602 341 686 388 runs
707 343 862 393 canonici.
1034 329 1092 390 113

157 489 226 547 tem
232 483 417 564 episcopalis
423 484 748 548 sollicitudinisvocati
757 489 840 548 suni.
852 487 932 550 Nam
941 485 974 548 ni
984 503 1094 548 omnes

158 577 305 638 membra
318 583 392 638 sunt
416 577 538 656 collegii
553 577 637 656 quod
661 579 834 657 respective
855 578 888 640 in
910 577 1093 658 hujusmodi

158 670 300 749 synodos
313 674 556 749 congregentur.

200 765 347 837 Demum‚
365 763 449 840 quod
463 764 568 824 locum
587 767 708 842 spectat
721 764 772 824 vel
792 768 918 842 tempus
936 763 1091 826 habenda

158 856 287 935 synodi,
299 855 377 916 nihil
385 855 423 916 de
435 857 503 917 loco
514 875 659 935 expresse
668 857 832 919 delinitum
840 856 986 918 habetur.
1002 857 1092 920 Unde

43 973 52 982 ·
160 949 287 1010 arbitrii
299 949 469 1026 superioris
484 953 531 1010 est
550 950 634 1011 hune
645 950 750 1012 locum
765 951 880 1028 eligere
892 968 989 1028 quem
1007 969 1093 1012 eom·

159 1041 337 1103 modiorem
347 1040 545 1121 judicaverit,
561 1043 634 1104 licet
649 1044 763 1120 synodi
777 1062 841 1104 non
856 1042 992 1104 debeant
1005 1045 1094 1106 extre

158 1135 355 1196 territorium
361 1134 470 1194 baberi
478 1135 561 1195 illius
571 1136 695 1214 collegii
703 1137 787 1216 quod
798 1136 952 1200 convenit.
962 1137 1006 1198 De
1015 1139 1092 1200 tem-

158 1245 238 1306 pore
251 1245 326 1288 vero
338 1226 415 1287 nibil
426 1226 588 1290 definitum
603 1234 650 1290 est
663 1247 720 1306 pro
737 1228 930 1291 oecumenico
942 1229 1091 1304 concilim

159 1320 240 1380 nibil
251 1320 346 1380 etiam
356 1319 394 1379 de
410 1319 630 1380 nationalibus.
647 1321 774 1400 Sedpro
787 1320 1030 1400 provincialibus
1041 1321 1093 1384 vel

159 1413 350 1474 dioeoesanis
360 1413 488 1490 synodis
497 1413 660 1474 definitum
670 1416 745 1475 esta
756 1413 886 1475 coneilio
897 1413 1090 1491 Tridentino,

52 1547 57 1556 ·
158 1525 222 1566 ses.
249 1509 301 1582 nl,
316 1506 354 1566 de
374 1505 515 1582 reform,
539 1524 607 1585 cap.
630 1510 660 1582 2,
678 1509 712 1568 ut
735 1506 941 1585 provinciales
963 1505 1093 1585 singulis

157 1597 316 1676 trienniis,
325 1597 513 1660 dioecesanav
524 1599 690 1678 quotannis
699 1599 887 1662 habeantur.
896 1597 1013 1661 Verum
1025 1597 1093 1660 haec

159 1693 259 1753 eiiam
285 1691 409 1752 concilii
431 1692 592 1770 dispositio
619 1711 658 1753 ex
679 1691 834 1753 hodierna
867 1689 1092 1754 cousuetudine

108 1773 110 1778 ’
159 1784 309 1846 exolevit.
324 1787 403 1845 Nam
418 1784 458 1844 ad
468 1785 606 1864 synodos
620 1784 827 1864 provinciales
843 1783 928 1862 quod
940 1783 1090 1862 pertinet,

159 1879 204 1939 ob
218 1877 426 1957 frequentiam
433 1876 574 1957 jurgium
589 1897 658 1957 quae
674 1876 898 1956 contingebant
911 1877 994 1940 iuter
1011 1876 1093 1955 epis-

159 1988 270 2049 copm,
283 1973 432 2031 statutum
445 1970 533 2030 fuita
549 1972 580 2032 S.
598 1972 632 2033 C.
650 1970 772 2032 coneilii
788 1971 877 2050 (teste
888 1970 928 2032 de
946 1968 1042 2049 Luae)
1058 1973 1094 2034 ut

159 2063 250 2142 prius
264 2062 373 2123 haberi
386 2081 449 2123 non
470 2064 600 2141 possint,
625 2062 685 2126 nisi
706 2062 836 2126 obtenta
857 2064 950 2126 venia
974 2082 993 2124 a
1017 2062 1092 2125 sede

159 2156 352 2234 apostoliea3
381 2155 465 2236 qnod
487 2151 520 2218 et
542 2175 598 2234 pro
628 2157 845 2220 nationalibus.
865 2158 964 2222 muto
990 2157 1092 2236 magis

159 2249 357 2310 observatur.

203 2344 263 2402 Pro
279 2342 464 2403 dioecesanis
488 2361 579 2419 vero,
596 2343 648 2404 vin
671 2344 767 2404 semel
782 2347 837 2404 aut
854 2344 970 2406 iterum
991 2345 1092 2406 solent

160 2435 312 2513 episcopi,
327 2436 359 2494 in
370 2439 435 2497 toto
447 2437 495 2496 sui
503 2436 700 2514 episcopatus
712 2440 864 2514 tempore,
881 2436 1091 2498 dioecesanam

159 2527 319 2605 synodum
334 2546 537 2608 congregare,
555 2529 694 2590 contenti
704 2531 741 2589 ut
750 2545 788 2588 ea
803 2525 1009 2590 observentur
1021 2548 1091 2608 quae

158 2622 195 2680 in
218 2611 445 2700 antiquioribus
467 2621 595 2700 synodis
618 2621 745 2682 decreta
760 2619 928 2680 habentur.
952 2620 1014 2682 Sed
1032 2623 1092 2681 Be-

97 2776 102 2784 ,
158 2713 235 2775 ned.
251 2715 331 2792 XIV,
345 2714 383 2775 de
394 2733 465 2793 syn.
483 2713 589 2790 dirce,
602 2715 656 2775 lib.
670 2717 697 2791 l,
711 2701 780 2791 cap.
795 2716 825 2790 6,
847 2714 937 2790 putat
949 2713 1091 2776 excusari

158 2821 224 2867 non
234 2824 325 2884 posse
341 2808 524 2885 episcopum
538 2807 602 2884 qni,
619 2807 737 2886 absque
749 2805 836 2886 justa
848 2824 954 2884 eausa,
978 2805 1092 2885 synodi

160 2899 406 2960 celebrationem
417 2900 544 2960 omnino
559 2900 805 2976 praetermiserit.

201 2994 252 3054 vl.
270 2991 416 3072 Leyitimo
430 2990 584 3053 celebratio
598 2992 739 3052 consistit
751 2993 784 3054 in
800 2993 916 3054 actuali
935 2994 1091 3054 conventu

160 3086 303 3146 omnium
321 3086 360 3146 de
380 3086 512 3164 collegio
526 3084 584 3144 sub
602 3089 728 3163 pastore
748 3085 888 3164 principe
908 3084 1091 3145 constituto-

161 3197 247 3256 rum,
271 3179 341 3255 ubi,
359 3179 490 3240 servatis
506 3176 546 3238 de
557 3176 629 3257 jure
651 3177 823 3252 servandis,
842 3177 883 3237 de
895 3195 930 3238 re
944 3175 1091 3238 Ecclesia

162 3266 223 3332 sibi
240 3272 413 3332 commissae
438 3270 622 3334 deliberent.
654 3269 730 3330 Inde
762 3272 809 3330 est
835 3268 919 3347 quod
945 3268 986 3332 ad
1010 3269 1091 3332 hanc

162 3365 258 3426 etiarn
273 3365 495 3444 requirantur:

204 3453 1088 3534 l⁰Praesidentiauniuspastorisquicollegiisitprinoeps,

163 3551 265 3631 qualis
275 3554 322 3612 est
332 3568 393 3630 pro
413 3548 607 3612 oecumenica
622 3547 744 3627 synode
759 3549 917 3613 Romanus
932 3547 1089 3624 Ponb'lex3
