2514 4014
310 284 417 330 ionica
441 285 592 332 sarcinis
613 286 695 332 runs
717 287 872 335 cruorum.
1018 275 1056 334 73

122 427 342 505 confringatur
367 417 579 503 contumacia,
613 425 696 487 unde
724 427 773 488 his
805 428 931 492 lenitus
964 431 1058 509 caput

122 523 241 596 flectat,
258 522 291 578 et
309 517 487 578 auctoritati
500 518 645 580 Ecclesiae
661 519 877 596 poenitentiam
892 521 934 582 illi
954 521 1059 601 injun-

124 613 228 694 gentis
240 631 274 672 se
290 610 422 671 submitt
443 614 465 671 t.

165 704 355 785 Hujusmodi
383 703 510 763 secundi
544 703 668 781 generis
695 722 818 782 poena,
846 724 916 785 qum
943 707 1061 770 habent

124 800 245 860 directe
260 815 317 875 pro
330 797 392 856 fine
407 800 559 855 terrorem
574 796 781 875 delinquentis
802 802 833 858 et
849 798 931 860 illius
953 803 1060 862 contu·

124 891 237 952 maoiae
261 887 536 966 compressionem,
559 887 650 948 diotae
671 892 743 948 sunt
764 907 902 967 censure,
927 909 1062 972 quarum

126 987 244 1045 natura
263 982 334 1042 talis
354 984 402 1041 est
421 983 455 1041 ut
470 980 558 1040 finita
572 981 769 1072 contumacia
781 1000 837 1042 seu
851 983 950 1072 fracta
961 983 1062 1062 pervi-

128 1076 219 1137 cacia
242 1078 274 1134 et
301 1071 510 1134 obstinatione
530 1072 751 1150 delinquentis
783 1077 815 1134 et
840 1075 916 1154 ipsse
940 1077 1064 1136 cessent

127 1174 283 1248 tanquam
296 1184 366 1245 quae
378 1166 522 1225 effectum
535 1183 627 1224 suum
640 1165 756 1226 sortitae
767 1170 849 1228 sunt.

169 1261 236 1321 ntsi
252 1257 394 1319 Ecclesia
405 1257 639 1336 delinquentem
656 1275 712 1336 per
728 1257 785 1318 has
800 1277 947 1321 censuras
963 1259 1065 1321 humi·

129 1354 254 1428 liatnm,
278 1370 340 1411 non
358 1349 463 1410 statim
480 1349 633 1425 absolvat,
660 1367 723 1409 non
742 1348 802 1411 hoc
821 1349 895 1412 facit
910 1355 1065 1431 quatenus

132 1449 281 1507 censetur
291 1443 405 1504 durare
423 1459 588 1501 censuram
602 1441 702 1501 fracta
717 1441 811 1502 etiam
820 1442 864 1503 rei
875 1443 1062 1522 pervicacia,

133 1539 189 1600 sed
212 1541 247 1598 ut
268 1535 381 1614 probet
399 1547 440 1594 au
452 1552 525 1594 vere
553 1533 593 1594 sit
611 1551 682 1593 reus
701 1533 894 1594 emendatus.
919 1535 1009 1596 Unde
1028 1553 1067 1594 ex

133 1637 210 1693 tunc
232 1626 491 1690 censura-baberi
511 1628 614 1704 potest
633 1629 784 1705 tanquam
801 1627 985 1705 poenitentia
1001 1645 1068 1688 me-

134 1722 296 1794 dicinalis;
315 1724 346 1781 et
365 1719 491 1798 quando
505 1737 577 1778 reus
596 1737 616 1778 a
628 1736 760 1779 censura
782 1718 964 1796 absolvitur,
986 1718 1068 1780 illius

135 1822 287 1894 tanquam
299 1810 492 1891 poenitentiae
504 1811 584 1872 ratio
600 1810 744 1871 habetur.

174 1911 228 1970 IV.¹
245 1911 276 1968 3⁰
292 1905 355 1967 Sed
372 1903 397 1964 si
410 1907 498 1964 tanta
512 1903 552 1964 sit
573 1903 617 1962 rei
634 1902 810 1980 pervicacia
828 1904 912 1983 quod
931 1922 988 1984 per
1002 1921 1067 1984 poe·

137 2000 301 2062 nitentiam
321 2016 384 2058 non
403 1995 500 2074 possit
517 1995 557 2055 ad
573 1995 824 2057 emendationem
844 1997 988 2074 conduci,
1010 2015 1068 2075 per

136 2087 285 2155 censuras
305 2092 442 2170 nequeat
457 2088 538 2148 illius
557 2087 739 2149 labefactari
760 2089 966 2166 contumacia,
987 2090 1066 2150 adeo

136 2192 171 2248 nt
188 2185 272 2246 illius
299 2181 460 2244 conversio
480 2181 641 2242 moraliter
660 2179 859 2258 impossibilis
883 2181 1065 2258 aestimetur,

137 2285 211 2342 tunc
223 2275 375 2352 Ecclesia,
392 2293 464 2336 cum
476 2291 539 2334 non
554 2273 651 2352 possit
666 2273 831 2352 providere
847 2292 904 2352 per
915 2274 1068 2353 poeniteu·

136 2374 214 2435 tiam
225 2365 699 2444 utilitatiindividuipervicacis
712 2365 821 2445 incipit
834 2367 1012 2444 prospicere
1027 2365 1068 2428 ed

137 2466 257 2526 bonum
268 2459 439 2540 publicum,
454 2462 490 2519 ut
507 2477 620 2536 nempe
635 2458 777 2533 societaS,
797 2459 1014 2521 universalitas
1028 2477 1067 2520 ex

135 2557 225 2619 malis
241 2552 489 2632 delinquentium
504 2551 652 2629 exemplis
673 2568 736 2611 non
751 2555 979 2628 corrumpatur.

177 2653 245 2710 Hoc
264 2647 339 2708 facit
357 2644 525 2724 infligendo
546 2662 656 2722 poenas
678 2661 747 2722 quae
766 2644 872 2705 stricto
890 2661 982 2704 sensu
1003 2642 1063 2706 diei

138 2734 270 2823 possunt
283 2739 371 2814 tales,
381 2755 512 2817 quaeque
525 2754 587 2797 non
599 2735 782 2815 infliguntur
793 2754 850 2798 nec
865 2736 906 2796 ad
920 2736 1068 2800 emenda·

139 2837 257 2898 tionem
265 2832 321 2908 rei,
334 2849 392 2891 nec
401 2830 442 2890 ad
453 2829 661 2908 expiationem
674 2828 854 2906 delicti,nec
863 2829 903 2890 ad
915 2833 1068 2892 terrorem

141 2925 365 3007 delinquentis,
384 2923 439 2984 sed
451 2923 491 2983 ad
506 2923 625 2984 bonum
642 2921 802 2998 publicum
816 2921 1065 2984 instaurandum.

179 3019 280 3095 Unde,
303 3018 442 3095 inspecto
462 3015 584 3075 diverso
599 3015 661 3073 fine
677 3032 771 3093 quem
788 3014 926 3074 Ecclesia
935 3013 1069 3074 intendit

141 3115 171 3174 in
192 3111 294 3192 poenis
313 3107 502 3187 infligendis
517 3110 580 3167 tres
595 3124 703 3165 earum
718 3106 847 3184 speclea,
865 3110 899 3166 ut
919 3105 1064 3185 vidimusr,

140 3204 288 3284 distingui
301 3205 446 3282 possunt:

180 3299 257 3360 Aliae
283 3297 429 3356 dicuntur
451 3290 731 3374 poenitentiaque
759 3290 874 3350 directe
901 3291 941 3352 ad
963 3285 1068 3354 emen-

141 3393 299 3454 dationem
321 3388 365 3447 rei
383 3387 432 3446 vel
449 3387 486 3445 ad
511 3384 719 3462 expiationem
732 3383 834 3442 delicti
862 3384 1064 3458 ordinantem

180 3483 256 3546 Aliae
269 3499 396 3542 comoros
406 3479 445 3540 ad
457 3476 707 3538 labefactandam
718 3476 945 3536 contumaciam
958 3497 965 3547 ;

248 3602 310 3644 rou.
332 3604 349 3644 ι.
946 3584 960 3632 ὃ
