2546 4016
317 316 425 366 roaros
447 313 601 364 sosarnus
622 313 704 360 Jonrs
727 311 883 359 canonici.
1007 291 1063 356 133

168 466 209 526 X.
233 463 323 526 Notoe
337 463 465 523 demum
480 460 627 536 dicuntur
641 458 788 538 quadam
805 457 919 518 breves
932 455 1065 516 adnota-

129 557 234 620 tiones
256 575 328 638 quae
354 556 394 616 ad
410 555 530 615 calcem
551 550 797 632 uniuscujusque
819 549 942 629 paginae
964 548 1065 609 solent

129 648 306 726 recenseri,
320 651 355 709 ut
368 665 481 726 nempe
497 646 713 725 significentur
723 643 880 705 variantes
894 641 1063 717 lectiones,

128 743 180 803 vel
194 741 395 803 remittantur
409 740 543 800 lectores
556 738 597 799 ad
610 739 681 799 loca
692 736 853 816 parabola,
870 735 920 796 vel
935 735 975 796 nd
990 735 1062 812 alia,

58 851 67 866 ·
130 836 216 896 unde
229 833 486 914 singulioanones
501 831 620 910 possint
633 831 790 891 illustrare
805 832 836 890 et
853 827 1061 907 interpretari.

130 928 196 989 Sed
223 931 306 989 notae
327 930 401 988 sunt
426 925 521 987 etiam
542 924 666 1003 privata
688 922 872 984 auctoritate
898 923 1008 998 faotae,
1034 923 1065 982 et

130 1020 266 1099 proinde
280 1020 397 1080 nullam
413 1019 531 1080 habent
544 1016 763 1078 auctoritatem
776 1016 922 1095 legalem.

401 1243 531 1320 LIBER
563 1241 800 1320 SECUNDUS.

51 1479 55 1484 ·
111 1445 175 1520 'ou
220 1467 345 1520 nuens
386 1468 512 1529 oureus
550 1469 609 1520 ros
647 1465 969 1529 rnrunrnmnron,
1002 1465 1065 1518 suo

181 1580 231 1632 ou
266 1579 378 1632 nuum
406 1580 591 1634 srcnonon
623 1579 790 1632 canorum
827 1575 1069 1630 tarseorum-

179 1691 306 1745 mortu.

173 1861 325 1936 Quamvis
349 1881 447 1925 unum
471 1864 510 1925 de
533 1862 700 1944 praeoipuis
724 1859 881 1926 attributis
900 1861 1005 1942 legum
1028 1859 1068 1924 sit

133 1955 274 2034 claritas,
301 1955 367 2016 iere
384 1957 491 2017 tamen
513 1951 706 2037 impossibile
730 1960 824 2019 estut
844 1957 941 2037 leges,
965 1956 1015 2018 vel
1028 1955 1068 2017 ob

132 2049 377 2128 generalitatem
399 2049 513 2130 objecti
539 2051 623 2112 circa
646 2047 731 2132 quod
753 2054 928 2129 versantur,
954 2050 1003 2111 vel
1029 2051 1069 2110 ob
1127 2097 1130 2102 .

134 2141 361 2222 antiquitatem,
381 2143 531 2222 temporis
558 2163 619 2224 quo
648 2144 739 2206 edita
768 2146 851 2221 sunt,
873 2142 923 2205 vel
943 2143 1070 2203 demum

135 2235 208 2296 aliis
220 2235 260 2295 de
271 2235 384 2313 caesia,
397 2239 517 2296 tantam
527 2236 650 2317 assequi
666 2237 788 2316 possint
801 2235 1068 2316 perspicuitatem,

136 2328 231 2390 utin
258 2328 398 2408 aliquam
426 2329 649 2392 obscuritatem
669 2331 719 2391 vel
743 2331 980 2410 ambiguitatem
1007 2345 1069 2390 non

137 2421 291 2482 incidant.

180 2516 297 2574 Parum
311 2514 406 2594 igitur
421 2515 531 2578 studiis
546 2517 660 2578 nostris
676 2517 838 2596 prodesset
851 2516 958 2596 legum
972 2517 1071 2578 ecole-

140 2607 338 2688 siasticarum
376 2609 560 2689 expendisse
600 2615 746 2672 naturam
782 2610 832 2671 vel
876 2609 1072 2671 authenticos

142 2700 326 2762 eorumdem
339 2702 462 2764 codices
474 2705 644 2782 aperuisse,
662 2703 719 2765 nisi
735 2704 978 2783 modus'praesto
992 2705 1074 2763 esset

144 2811 205 2872 quo
223 2793 263 2854 ab
283 2793 461 2876 hujusmodi
484 2797 725 2860 obscuritatibus
747 2798 796 2860 vel
817 2795 1073 2878 ambiguitatibus

144 2903 196 2945 eas
222 2887 373 2948 extricare
395 2889 567 2968 possimus,
593 2892 651 2952 nisi
673 2893 785 2954 modus
808 2895 893 2954 certo
916 2895 1072 2971 essetque

144 2996 237 3040 verus
253 2999 362 3042 sensus
377 2983 494 3064 legum,
506 2987 592 3046 certa
604 2985 749 3047 voluntas
763 2984 949 3066 legislatoris
965 2984 1074 3061 depre-

133 3070 240 3132 =hendi
253 3074 360 3153 possit.

186 3166 257 3227 Jam
282 3186 357 3229 vero
382 3169 433 3230 hio
455 3171 585 3250 modus,
610 3170 824 3252 interpretatio
849 3173 918 3233 est:
936 3168 1075 3232 succedit

147 3257 242 3338 igitur
253 3263 288 3320 1²
296 3262 378 3340 parti
387 3282 482 3344 quam
493 3264 659 3345 delegibus
669 3264 1075 3346 scripsimushaeoirquam

149 3349 280 3415 dicimus
295 3353 330 3416 de
343 3364 423 3418 recto
433 3376 573 3418 aaronem
584 3357 833 3440 interpretatione.

238 3643 301 3692 ΤΟΜ.
321 3647 340 3695 l.
