<?xml version="1.0" encoding="UTF-8"?>
<!DOCTYPE html PUBLIC "-//W3C//DTD XHTML 1.0 Transitional//EN"
    "http://www.w3.org/TR/xhtml1/DTD/xhtml1-transitional.dtd">
<html xmlns="http://www.w3.org/1999/xhtml" xml:lang="en" lang="en">
 <head>
  <title>
</title>
<meta http-equiv="Content-Type" content="text/html;charset=utf-8" />
  <meta name='ocr-system' content='tesseract 3.04.00' />
  <meta name='ocr-capabilities' content='ocr_page ocr_carea ocr_par ocr_line ocrx_word'/>
</head>
<body>
  <div class='ocr_page' id='page_1' title='image "./institutionesju02marigoog_0208.png"; bbox 0 0 2512 4012; ppageno 0'>
   <div class='ocr_carea' id='block_1_1' title="bbox 435 82 449 113">
    <p class='ocr_par' dir='ltr' id='par_1_1' title="bbox 435 82 449 113">
     <span class='ocr_line' id='line_1_1' title="bbox 435 82 449 113; baseline 0 0"><span class='ocrx_word' id='word_1_1' title='bbox 435 82 449 113; x_wconf 64' lang='grc' dir='ltr'>δ</span> 
     </span>
    </p>
   </div>
   <div class='ocr_carea' id='block_1_2' title="bbox 367 315 1067 376">
    <p class='ocr_par' dir='ltr' id='par_1_2' title="bbox 367 315 1067 376">
     <span class='ocr_line' id='line_1_2' title="bbox 367 315 1067 376; baseline 0 -2"><span class='ocrx_word' id='word_1_2' title='bbox 367 331 406 374; x_wconf 89' lang='lat' dir='ltr'>on</span> <span class='ocrx_word' id='word_1_3' title='bbox 428 329 556 376; x_wconf 78' lang='lat' dir='ltr'>caruero</span> <span class='ocrx_word' id='word_1_4' title='bbox 576 328 658 374; x_wconf 78' lang='lat' dir='ltr'>sums</span> <span class='ocrx_word' id='word_1_5' title='bbox 681 328 836 374; x_wconf 79' lang='grc'><strong>61161161.</strong></span> <span class='ocrx_word' id='word_1_6' title='bbox 1013 315 1067 374; x_wconf 73' lang='lat' dir='ltr'>acl</span> 
     </span>
    </p>
   </div>
   <div class='ocr_carea' id='block_1_3' title="bbox 98 471 1071 1474">
    <p class='ocr_par' dir='ltr' id='par_1_3' title="bbox 98 471 1071 1474">
     <span class='ocr_line' id='line_1_3' title="bbox 105 471 1071 554; baseline 0.002 -24"><span class='ocrx_word' id='word_1_7' title='bbox 105 523 109 530; x_wconf 92' lang='lat'><em>.</em></span> <span class='ocrx_word' id='word_1_8' title='bbox 176 474 355 554; x_wconf 70' lang='lat' dir='ltr'>Aliquando</span> <span class='ocrx_word' id='word_1_9' title='bbox 364 473 395 532; x_wconf 90' lang='lat' dir='ltr'>hi</span> <span class='ocrx_word' id='word_1_10' title='bbox 406 474 523 553; x_wconf 90' lang='lat' dir='ltr'>gradus</span> <span class='ocrx_word' id='word_1_11' title='bbox 534 473 882 553; x_wconf 88' lang='lat' dir='ltr'>supraepisoopalesvel</span> <span class='ocrx_word' id='word_1_12' title='bbox 893 471 981 552; x_wconf 90' lang='lat' dir='ltr'>quasi</span> <span class='ocrx_word' id='word_1_13' title='bbox 991 472 1071 551; x_wconf 89' lang='lat' dir='ltr'>epis-</span> 
     </span>
     <span class='ocr_line' id='line_1_4' title="bbox 134 565 1071 646; baseline -0.003 -18"><span class='ocrx_word' id='word_1_14' title='bbox 134 567 263 646; x_wconf 84' lang='lat' dir='ltr'>capales</span> <span class='ocrx_word' id='word_1_15' title='bbox 287 565 382 626; x_wconf 84' lang='lat' dir='ltr'>certis</span> <span class='ocrx_word' id='word_1_16' title='bbox 411 566 538 627; x_wconf 91' lang='lat' dir='ltr'>sedibus</span> <span class='ocrx_word' id='word_1_17' title='bbox 564 567 792 642; x_wconf 88' lang='lat' dir='ltr'>adnectuntur,</span> <span class='ocrx_word' id='word_1_18' title='bbox 815 566 922 644; x_wconf 90' lang='lat' dir='ltr'>sieque</span> <span class='ocrx_word' id='word_1_19' title='bbox 946 565 1071 626; x_wconf 87' lang='lat' dir='ltr'>cuidam</span> 
     </span>
     <span class='ocr_line' id='line_1_5' title="bbox 98 658 1070 748; baseline -0.002 -29"><span class='ocrx_word' id='word_1_20' title='bbox 98 723 112 748; x_wconf 57' lang='grc'><em>,</em></span> <span class='ocrx_word' id='word_1_21' title='bbox 135 660 182 719; x_wconf 87' lang='lat' dir='ltr'>rei</span> <span class='ocrx_word' id='word_1_22' title='bbox 211 659 411 719; x_wconf 75' lang='lat' dir='ltr'>adhaerentes</span> <span class='ocrx_word' id='word_1_23' title='bbox 430 659 587 719; x_wconf 91' lang='lat' dir='ltr'>habentur</span> <span class='ocrx_word' id='word_1_24' title='bbox 608 663 760 737; x_wconf 79' lang='lat' dir='ltr'>tanquam</span> <span class='ocrx_word' id='word_1_25' title='bbox 781 658 950 736; x_wconf 76' lang='lat' dir='ltr'>dignitates</span> <span class='ocrx_word' id='word_1_26' title='bbox 971 658 1070 718; x_wconf 79' lang='lat' dir='ltr'>reales</span> 
     </span>
     <span class='ocr_line' id='line_1_6' title="bbox 136 749 1069 831; baseline -0.002 -20"><span class='ocrx_word' id='word_1_27' title='bbox 136 769 209 831; x_wconf 83' lang='lat' dir='ltr'>quae</span> <span class='ocrx_word' id='word_1_28' title='bbox 223 751 310 829; x_wconf 90' lang='lat' dir='ltr'>prius</span> <span class='ocrx_word' id='word_1_29' title='bbox 321 749 541 828; x_wconf 88' lang='lat' dir='ltr'>concipiuntur</span> <span class='ocrx_word' id='word_1_30' title='bbox 556 751 657 812; x_wconf 90' lang='lat' dir='ltr'>inesse</span> <span class='ocrx_word' id='word_1_31' title='bbox 672 750 717 810; x_wconf 90' lang='lat' dir='ltr'>rei</span> <span class='ocrx_word' id='word_1_32' title='bbox 735 754 765 811; x_wconf 93' lang='grc'>61</span> <span class='ocrx_word' id='word_1_33' title='bbox 779 767 913 828; x_wconf 82' lang='lat' dir='ltr'>perram</span> <span class='ocrx_word' id='word_1_34' title='bbox 928 769 1069 828; x_wconf 70' lang='lat' dir='ltr'>personae</span> 
     </span>
     <span class='ocr_line' id='line_1_7' title="bbox 136 842 1070 923; baseline -0.001 -20"><span class='ocrx_word' id='word_1_35' title='bbox 136 843 269 923; x_wconf 88' lang='lat' dir='ltr'>acquiri.</span> <span class='ocrx_word' id='word_1_36' title='bbox 292 842 469 921; x_wconf 87' lang='lat' dir='ltr'>Aliquando</span> <span class='ocrx_word' id='word_1_37' title='bbox 494 846 599 904; x_wconf 87' lang='lat' dir='ltr'>autem</span> <span class='ocrx_word' id='word_1_38' title='bbox 618 842 798 922; x_wconf 85' lang='lat' dir='ltr'>hujusmodi</span> <span class='ocrx_word' id='word_1_39' title='bbox 817 842 933 922; x_wconf 87' lang='lat' dir='ltr'>gradus</span> <span class='ocrx_word' id='word_1_40' title='bbox 953 843 1070 902; x_wconf 87' lang='lat' dir='ltr'>directe</span> 
     </span>
     <span class='ocr_line' id='line_1_8' title="bbox 136 933 1070 1015; baseline -0.003 -19"><span class='ocrx_word' id='word_1_41' title='bbox 136 952 283 1015; x_wconf 76' lang='lat' dir='ltr'>personae</span> <span class='ocrx_word' id='word_1_42' title='bbox 306 933 518 1011; x_wconf 90' lang='lat' dir='ltr'>conferuntur,</span> <span class='ocrx_word' id='word_1_43' title='bbox 539 939 570 995; x_wconf 91' lang='lat' dir='ltr'>et</span> <span class='ocrx_word' id='word_1_44' title='bbox 589 935 659 995; x_wconf 91' lang='lat' dir='ltr'>ideo</span> <span class='ocrx_word' id='word_1_45' title='bbox 684 934 903 1012; x_wconf 89' lang='lat' dir='ltr'>concipiuntur</span> <span class='ocrx_word' id='word_1_46' title='bbox 920 938 1070 1013; x_wconf 81' lang='lat' dir='ltr'>tanquam</span> 
     </span>
     <span class='ocr_line' id='line_1_9' title="bbox 137 1026 1071 1108; baseline -0.004 -18"><span class='ocrx_word' id='word_1_47' title='bbox 137 1027 308 1108; x_wconf 77' lang='lat' dir='ltr'>dignitates</span> <span class='ocrx_word' id='word_1_48' title='bbox 326 1045 413 1085; x_wconf 88' lang='lat' dir='ltr'>mere</span> <span class='ocrx_word' id='word_1_49' title='bbox 432 1028 622 1104; x_wconf 77' lang='lat' dir='ltr'>personulae.</span> <span class='ocrx_word' id='word_1_50' title='bbox 646 1027 735 1089; x_wconf 91' lang='lat' dir='ltr'>Unde</span> <span class='ocrx_word' id='word_1_51' title='bbox 752 1026 834 1087; x_wconf 88' lang='lat' dir='ltr'>hanc</span> <span class='ocrx_word' id='word_1_52' title='bbox 851 1027 1071 1088; x_wconf 79' lang='lat' dir='ltr'>tractationem</span> 
     </span>
     <span class='ocr_line' id='line_1_10' title="bbox 136 1118 1071 1200; baseline -0.004 -18"><span class='ocrx_word' id='word_1_53' title='bbox 136 1120 282 1200; x_wconf 84' lang='lat' dir='ltr'>cogimur</span> <span class='ocrx_word' id='word_1_54' title='bbox 306 1119 338 1178; x_wconf 90' lang='lat' dir='ltr'>in</span> <span class='ocrx_word' id='word_1_55' title='bbox 358 1118 436 1178; x_wconf 89' lang='lat' dir='ltr'>duas</span> <span class='ocrx_word' id='word_1_56' title='bbox 456 1119 639 1196; x_wconf 86' lang='lat' dir='ltr'>partitiones</span> <span class='ocrx_word' id='word_1_57' title='bbox 656 1119 807 1195; x_wconf 88' lang='lat' dir='ltr'>dividere,</span> <span class='ocrx_word' id='word_1_58' title='bbox 823 1138 956 1198; x_wconf 89' lang='lat' dir='ltr'>quarum</span> <span class='ocrx_word' id='word_1_59' title='bbox 969 1118 1071 1197; x_wconf 90' lang='lat' dir='ltr'>prima</span> 
     </span>
     <span class='ocr_line' id='line_1_11' title="bbox 137 1210 1071 1291; baseline -0.006 -15"><span class='ocrx_word' id='word_1_60' title='bbox 137 1212 198 1276; x_wconf 90' lang='lat' dir='ltr'>erit</span> <span class='ocrx_word' id='word_1_61' title='bbox 216 1213 256 1272; x_wconf 98' lang='grc'>(16</span> <span class='ocrx_word' id='word_1_62' title='bbox 278 1210 483 1290; x_wconf 82' lang='lat' dir='ltr'>dignitatibus</span> <span class='ocrx_word' id='word_1_63' title='bbox 502 1211 562 1272; x_wconf 90' lang='lat' dir='ltr'>illis</span> <span class='ocrx_word' id='word_1_64' title='bbox 582 1230 660 1290; x_wconf 91' lang='lat' dir='ltr'>quas</span> <span class='ocrx_word' id='word_1_65' title='bbox 680 1212 969 1291; x_wconf 86' lang='lat' dir='ltr'>supraepisoopsles</span> <span class='ocrx_word' id='word_1_66' title='bbox 991 1211 1071 1272; x_wconf 83' lang='lat' dir='ltr'>dixi-</span> 
     </span>
     <span class='ocr_line' id='line_1_12' title="bbox 137 1303 1068 1382; baseline -0.009 -14"><span class='ocrx_word' id='word_1_67' title='bbox 137 1324 220 1382; x_wconf 76' lang='lat' dir='ltr'>muS,</span> <span class='ocrx_word' id='word_1_68' title='bbox 237 1304 337 1364; x_wconf 85' lang='lat' dir='ltr'>alters</span> <span class='ocrx_word' id='word_1_69' title='bbox 352 1303 391 1363; x_wconf 89' lang='lat' dir='ltr'>de</span> <span class='ocrx_word' id='word_1_70' title='bbox 406 1303 465 1364; x_wconf 89' lang='lat' dir='ltr'>illis</span> <span class='ocrx_word' id='word_1_71' title='bbox 488 1321 558 1382; x_wconf 86' lang='lat' dir='ltr'>quae</span> <span class='ocrx_word' id='word_1_72' title='bbox 578 1303 667 1382; x_wconf 90' lang='lat' dir='ltr'>quasi</span> <span class='ocrx_word' id='word_1_73' title='bbox 683 1303 887 1382; x_wconf 86' lang='lat' dir='ltr'>episcopales,</span> <span class='ocrx_word' id='word_1_74' title='bbox 907 1305 1068 1382; x_wconf 77' lang='lat' dir='ltr'>utriusque</span> 
     </span>
     <span class='ocr_line' id='line_1_13' title="bbox 137 1395 692 1474; baseline -0.009 -12"><span class='ocrx_word' id='word_1_75' title='bbox 137 1403 208 1462; x_wconf 90' lang='lat' dir='ltr'>tum</span> <span class='ocrx_word' id='word_1_76' title='bbox 222 1395 371 1473; x_wconf 85' lang='lat' dir='ltr'>realibus,</span> <span class='ocrx_word' id='word_1_77' title='bbox 386 1398 454 1456; x_wconf 86' lang='lat' dir='ltr'>tam</span> <span class='ocrx_word' id='word_1_78' title='bbox 465 1396 692 1474; x_wconf 88' lang='lat' dir='ltr'>personalibus.</span> 
     </span>
    </p>
   </div>
   <div class='ocr_carea' id='block_1_4' title="bbox 231 1569 977 1636">
    <p class='ocr_par' dir='ltr' id='par_1_4' title="bbox 231 1569 977 1636">
     <span class='ocr_line' id='line_1_14' title="bbox 231 1569 977 1636; baseline 0 -14"><span class='ocrx_word' id='word_1_79' title='bbox 231 1569 266 1622; x_wconf 74' lang='lat' dir='ltr'>Dr</span> <span class='ocrx_word' id='word_1_80' title='bbox 279 1569 411 1636; x_wconf 69' lang='lat' dir='ltr'>gradibus</span> <span class='ocrx_word' id='word_1_81' title='bbox 427 1570 474 1636; x_wconf 82' lang='lat' dir='ltr'>qui</span> <span class='ocrx_word' id='word_1_82' title='bbox 489 1570 658 1623; x_wconf 81' lang='lat' dir='ltr'>vicariatum</span> <span class='ocrx_word' id='word_1_83' title='bbox 674 1569 703 1623; x_wconf 91' lang='lat' dir='ltr'>ll.</span> <span class='ocrx_word' id='word_1_84' title='bbox 716 1569 853 1635; x_wconf 69' lang='lat' dir='ltr'>Pontifices</span> <span class='ocrx_word' id='word_1_85' title='bbox 868 1573 977 1635; x_wconf 74' lang='lat' dir='ltr'>parant.</span> 
     </span>
    </p>
   </div>
   <div class='ocr_carea' id='block_1_5' title="bbox 287 1722 925 1780">
    <p class='ocr_par' dir='ltr' id='par_1_5' title="bbox 287 1722 925 1780">
     <span class='ocr_line' id='line_1_15' title="bbox 287 1722 925 1780; baseline 0 -14"><span class='ocrx_word' id='word_1_86' title='bbox 287 1725 305 1766; x_wconf 87' lang='lat'>1.</span> <span class='ocrx_word' id='word_1_87' title='bbox 320 1724 350 1766; x_wconf 76' lang='lat' dir='ltr'>lle</span> <span class='ocrx_word' id='word_1_88' title='bbox 365 1723 502 1780; x_wconf 79' lang='lat' dir='ltr'>dignitatibus</span> <span class='ocrx_word' id='word_1_89' title='bbox 516 1724 597 1768; x_wconf 80' lang='lat' dir='ltr'>ordinis</span> <span class='ocrx_word' id='word_1_90' title='bbox 613 1723 806 1780; x_wconf 76' lang='lat' dir='ltr'>suprscplscopalis</span> <span class='ocrx_word' id='word_1_91' title='bbox 821 1722 925 1766; x_wconf 77' lang='lat' dir='ltr'>realibus.</span> 
     </span>
    </p>
   </div>
   <div class='ocr_carea' id='block_1_6' title="bbox 132 1825 1074 2036">
    <p class='ocr_par' dir='ltr' id='par_1_6' title="bbox 132 1825 1074 2036">
     <span class='ocr_line' id='line_1_16' title="bbox 178 1825 1074 1938; baseline -0.004 -16"><span class='ocrx_word' id='word_1_92' title='bbox 178 1825 428 1936; x_wconf 76' lang='lat' dir='ltr'>x11.atprim0</span> <span class='ocrx_word' id='word_1_93' title='bbox 450 1859 488 1918; x_wconf 91' lang='lat' dir='ltr'>de</span> <span class='ocrx_word' id='word_1_94' title='bbox 511 1857 714 1937; x_wconf 85' lang='lat' dir='ltr'>dignitatibus</span> <span class='ocrx_word' id='word_1_95' title='bbox 734 1857 851 1918; x_wconf 87' lang='lat' dir='ltr'>ordinis</span> <span class='ocrx_word' id='word_1_96' title='bbox 876 1857 1074 1938; x_wconf 58' lang='grc'><strong>6661666166-</strong></span> 
     </span>
     <span class='ocr_line' id='line_1_17' title="bbox 132 1949 1072 2036; baseline -0.005 -21"><span class='ocrx_word' id='word_1_97' title='bbox 132 1954 214 2036; x_wconf 65' lang='lat' dir='ltr'>palas</span> <span class='ocrx_word' id='word_1_98' title='bbox 222 1956 255 2013; x_wconf 89' lang='grc'>61</span> <span class='ocrx_word' id='word_1_99' title='bbox 267 1952 305 2012; x_wconf 91' lang='lat' dir='ltr'>de</span> <span class='ocrx_word' id='word_1_100' title='bbox 323 1949 383 2010; x_wconf 90' lang='lat' dir='ltr'>illis</span> <span class='ocrx_word' id='word_1_101' title='bbox 394 1951 520 2030; x_wconf 91' lang='lat' dir='ltr'>quidem</span> <span class='ocrx_word' id='word_1_102' title='bbox 529 1969 607 2030; x_wconf 89' lang='lat' dir='ltr'>quas</span> <span class='ocrx_word' id='word_1_103' title='bbox 618 1951 709 2011; x_wconf 81' lang='lat' dir='ltr'>reales</span> <span class='ocrx_word' id='word_1_104' title='bbox 719 1950 863 2027; x_wconf 82' lang='lat' dir='ltr'>diximus,</span> <span class='ocrx_word' id='word_1_105' title='bbox 874 1968 944 2030; x_wconf 84' lang='lat' dir='ltr'>quae</span> <span class='ocrx_word' id='word_1_106' title='bbox 960 1969 1072 2029; x_wconf 89' lang='lat' dir='ltr'>nempe</span> 
     </span>
    </p>
   </div>
   <div class='ocr_carea' id='block_1_7' title="bbox 138 2043 1075 3612">
    <p class='ocr_par' dir='ltr' id='par_1_7' title="bbox 138 2043 889 2127">
     <span class='ocr_line' id='line_1_18' title="bbox 138 2043 889 2127; baseline -0.004 -20"><span class='ocrx_word' id='word_1_107' title='bbox 138 2045 332 2127; x_wconf 90' lang='lat' dir='ltr'>quibusdam</span> <span class='ocrx_word' id='word_1_108' title='bbox 346 2044 575 2123; x_wconf 91' lang='lat' dir='ltr'>episcopalibus</span> <span class='ocrx_word' id='word_1_109' title='bbox 586 2043 712 2104; x_wconf 87' lang='lat' dir='ltr'>sedibus</span> <span class='ocrx_word' id='word_1_110' title='bbox 726 2044 889 2105; x_wconf 88' lang='lat' dir='ltr'>inhaerent.</span> 
     </span>
    </p>

    <p class='ocr_par' dir='ltr' id='par_1_8' title="bbox 138 2136 1073 2776">
     <span class='ocr_line' id='line_1_19' title="bbox 178 2136 1072 2217; baseline -0.003 -18"><span class='ocrx_word' id='word_1_111' title='bbox 178 2141 324 2217; x_wconf 88' lang='lat' dir='ltr'>Inspeota</span> <span class='ocrx_word' id='word_1_112' title='bbox 345 2137 477 2215; x_wconf 87' lang='lat' dir='ltr'>simplici</span> <span class='ocrx_word' id='word_1_113' title='bbox 504 2136 721 2198; x_wconf 88' lang='lat' dir='ltr'>distributione</span> <span class='ocrx_word' id='word_1_114' title='bbox 748 2137 940 2213; x_wconf 88' lang='lat' dir='ltr'>dioeceseon,</span> <span class='ocrx_word' id='word_1_115' title='bbox 965 2155 1072 2198; x_wconf 88' lang='lat' dir='ltr'>omnes</span> 
     </span>
     <span class='ocr_line' id='line_1_20' title="bbox 139 2229 1071 2312; baseline -0.005 -18"><span class='ocrx_word' id='word_1_116' title='bbox 139 2232 278 2312; x_wconf 91' lang='lat' dir='ltr'>episcopi</span> <span class='ocrx_word' id='word_1_117' title='bbox 293 2229 424 2291; x_wconf 88' lang='lat' dir='ltr'>fuissent</span> <span class='ocrx_word' id='word_1_118' title='bbox 436 2229 588 2308; x_wconf 89' lang='lat' dir='ltr'>dignitate</span> <span class='ocrx_word' id='word_1_119' title='bbox 603 2249 695 2308; x_wconf 90' lang='lat' dir='ltr'>pares</span> <span class='ocrx_word' id='word_1_120' title='bbox 707 2230 788 2292; x_wconf 92' lang='lat' dir='ltr'>inter</span> <span class='ocrx_word' id='word_1_121' title='bbox 802 2249 857 2304; x_wconf 87' lang='lat' dir='ltr'>se;</span> <span class='ocrx_word' id='word_1_122' title='bbox 876 2249 967 2292; x_wconf 90' lang='lat' dir='ltr'>nemo</span> <span class='ocrx_word' id='word_1_123' title='bbox 983 2229 1071 2291; x_wconf 90' lang='lat' dir='ltr'>alteri</span> 
     </span>
     <span class='ocr_line' id='line_1_21' title="bbox 138 2321 1072 2406; baseline -0.004 -19"><span class='ocrx_word' id='word_1_124' title='bbox 138 2326 300 2406; x_wconf 86' lang='lat' dir='ltr'>subjectus</span> <span class='ocrx_word' id='word_1_125' title='bbox 328 2321 456 2400; x_wconf 88' lang='lat' dir='ltr'>fuisset,</span> <span class='ocrx_word' id='word_1_126' title='bbox 481 2327 596 2401; x_wconf 86' lang='lat' dir='ltr'>praeter</span> <span class='ocrx_word' id='word_1_127' title='bbox 617 2325 797 2401; x_wconf 89' lang='lat' dir='ltr'>generalem</span> <span class='ocrx_word' id='word_1_128' title='bbox 821 2324 906 2384; x_wconf 89' lang='lat' dir='ltr'>illam</span> <span class='ocrx_word' id='word_1_129' title='bbox 933 2325 1072 2384; x_wconf 92' lang='lat' dir='ltr'>omnium</span> 
     </span>
     <span class='ocr_line' id='line_1_22' title="bbox 139 2415 1069 2498; baseline -0.006 -16"><span class='ocrx_word' id='word_1_130' title='bbox 139 2417 369 2498; x_wconf 87' lang='lat' dir='ltr'>subjectionem</span> <span class='ocrx_word' id='word_1_131' title='bbox 390 2418 518 2477; x_wconf 88' lang='lat' dir='ltr'>Summo</span> <span class='ocrx_word' id='word_1_132' title='bbox 536 2415 678 2476; x_wconf 85' lang='lat' dir='ltr'>Pontifici</span> <span class='ocrx_word' id='word_1_133' title='bbox 699 2415 752 2494; x_wconf 94' lang='lat' dir='ltr'>qui</span> <span class='ocrx_word' id='word_1_134' title='bbox 774 2420 888 2494; x_wconf 77' lang='lat' dir='ltr'>praest</span> <span class='ocrx_word' id='word_1_135' title='bbox 906 2416 1069 2479; x_wconf 88' lang='lat' dir='ltr'>universis.</span> 
     </span>
     <span class='ocr_line' id='line_1_23' title="bbox 139 2507 1073 2591; baseline -0.006 -17"><span class='ocrx_word' id='word_1_136' title='bbox 139 2513 202 2575; x_wconf 88' lang='lat' dir='ltr'>Sed</span> <span class='ocrx_word' id='word_1_137' title='bbox 214 2511 365 2591; x_wconf 88' lang='lat' dir='ltr'>jamtum</span> <span class='ocrx_word' id='word_1_138' title='bbox 383 2510 423 2569; x_wconf 89' lang='lat' dir='ltr'>ab</span> <span class='ocrx_word' id='word_1_139' title='bbox 439 2509 526 2569; x_wconf 89' lang='lat' dir='ltr'>initio</span> <span class='ocrx_word' id='word_1_140' title='bbox 542 2507 742 2570; x_wconf 86' lang='lat' dir='ltr'>incommoda</span> <span class='ocrx_word' id='word_1_141' title='bbox 757 2508 848 2567; x_wconf 88' lang='lat' dir='ltr'>nimis</span> <span class='ocrx_word' id='word_1_142' title='bbox 862 2507 929 2568; x_wconf 84' lang='lat' dir='ltr'>visa</span> <span class='ocrx_word' id='word_1_143' title='bbox 944 2513 991 2570; x_wconf 89' lang='lat' dir='ltr'>est</span> <span class='ocrx_word' id='word_1_144' title='bbox 1006 2510 1073 2568; x_wconf 81' lang='lat' dir='ltr'>liaeo</span> 
     </span>
     <span class='ocr_line' id='line_1_24' title="bbox 139 2600 1073 2684; baseline -0.009 -18"><span class='ocrx_word' id='word_1_145' title='bbox 139 2603 301 2684; x_wconf 90' lang='lat' dir='ltr'>regiminis</span> <span class='ocrx_word' id='word_1_146' title='bbox 325 2603 417 2679; x_wconf 87' lang='lat' dir='ltr'>ratio,</span> <span class='ocrx_word' id='word_1_147' title='bbox 442 2620 504 2680; x_wconf 91' lang='lat' dir='ltr'>qua</span> <span class='ocrx_word' id='word_1_148' title='bbox 524 2601 654 2662; x_wconf 88' lang='lat' dir='ltr'>deberet</span> <span class='ocrx_word' id='word_1_149' title='bbox 668 2620 751 2661; x_wconf 92' lang='lat' dir='ltr'>unus</span> <span class='ocrx_word' id='word_1_150' title='bbox 767 2602 914 2662; x_wconf 90' lang='lat' dir='ltr'>Summus</span> <span class='ocrx_word' id='word_1_151' title='bbox 931 2600 1073 2661; x_wconf 86' lang='lat' dir='ltr'>Pontifex</span> 
     </span>
     <span class='ocr_line' id='line_1_25' title="bbox 140 2692 1069 2776; baseline -0.004 -19"><span class='ocrx_word' id='word_1_152' title='bbox 140 2696 273 2776; x_wconf 89' lang='lat' dir='ltr'>gestioni</span> <span class='ocrx_word' id='word_1_153' title='bbox 296 2694 491 2774; x_wconf 88' lang='lat' dir='ltr'>singulorum</span> <span class='ocrx_word' id='word_1_154' title='bbox 516 2694 735 2772; x_wconf 91' lang='lat' dir='ltr'>episcoporum</span> <span class='ocrx_word' id='word_1_155' title='bbox 758 2713 815 2772; x_wconf 90' lang='lat' dir='ltr'>per</span> <span class='ocrx_word' id='word_1_156' title='bbox 832 2713 865 2753; x_wconf 89' lang='lat' dir='ltr'>se</span> <span class='ocrx_word' id='word_1_157' title='bbox 887 2692 1069 2772; x_wconf 90' lang='lat' dir='ltr'>advigilare.</span> 
     </span>
    </p>

    <p class='ocr_par' dir='ltr' id='par_1_9' title="bbox 140 2787 1075 3410">
     <span class='ocr_line' id='line_1_26' title="bbox 179 2787 1071 2868; baseline -0.002 -18"><span class='ocrx_word' id='word_1_158' title='bbox 179 2788 301 2850; x_wconf 80' lang='lat' dir='ltr'>{nstitui</span> <span class='ocrx_word' id='word_1_159' title='bbox 313 2807 387 2868; x_wconf 80' lang='lat' dir='ltr'>ergo</span> <span class='ocrx_word' id='word_1_160' title='bbox 398 2790 561 2866; x_wconf 88' lang='lat' dir='ltr'>coeperunt</span> <span class='ocrx_word' id='word_1_161' title='bbox 572 2787 709 2864; x_wconf 88' lang='lat' dir='ltr'>episcopi</span> <span class='ocrx_word' id='word_1_162' title='bbox 718 2787 871 2866; x_wconf 91' lang='lat' dir='ltr'>episcopis</span> <span class='ocrx_word' id='word_1_163' title='bbox 882 2787 1071 2866; x_wconf 88' lang='lat' dir='ltr'>superiores,</span> 
     </span>
     <span class='ocr_line' id='line_1_27' title="bbox 141 2879 1073 2964; baseline -0.005 -21"><span class='ocrx_word' id='word_1_164' title='bbox 141 2883 193 2964; x_wconf 90' lang='lat' dir='ltr'>qui</span> <span class='ocrx_word' id='word_1_165' title='bbox 209 2900 322 2960; x_wconf 91' lang='lat' dir='ltr'>nempe</span> <span class='ocrx_word' id='word_1_166' title='bbox 338 2881 414 2942; x_wconf 90' lang='lat' dir='ltr'>dum</span> <span class='ocrx_word' id='word_1_167' title='bbox 432 2900 469 2940; x_wconf 83' lang='lat' dir='ltr'>ex</span> <span class='ocrx_word' id='word_1_168' title='bbox 487 2898 551 2939; x_wconf 89' lang='lat' dir='ltr'>una</span> <span class='ocrx_word' id='word_1_169' title='bbox 565 2883 654 2957; x_wconf 88' lang='lat' dir='ltr'>parte</span> <span class='ocrx_word' id='word_1_170' title='bbox 670 2881 798 2940; x_wconf 88' lang='lat' dir='ltr'>Summo</span> <span class='ocrx_word' id='word_1_171' title='bbox 815 2885 918 2941; x_wconf 87' lang='lat' dir='ltr'>essent</span> <span class='ocrx_word' id='word_1_172' title='bbox 932 2879 1073 2941; x_wconf 86' lang='lat' dir='ltr'>Pontifici</span> 
     </span>
     <span class='ocr_line' id='line_1_28' title="bbox 140 2971 1074 3056; baseline -0.006 -18"><span class='ocrx_word' id='word_1_173' title='bbox 140 2975 283 3056; x_wconf 83' lang='lat' dir='ltr'>subjecti,</span> <span class='ocrx_word' id='word_1_174' title='bbox 303 2994 341 3036; x_wconf 85' lang='lat' dir='ltr'>ex</span> <span class='ocrx_word' id='word_1_175' title='bbox 355 2975 417 3034; x_wconf 91' lang='lat' dir='ltr'>alia</span> <span class='ocrx_word' id='word_1_176' title='bbox 430 2991 588 3034; x_wconf 89' lang='lat' dir='ltr'>summum</span> <span class='ocrx_word' id='word_1_177' title='bbox 602 2971 704 3050; x_wconf 89' lang='lat' dir='ltr'>ipsum</span> <span class='ocrx_word' id='word_1_178' title='bbox 719 2973 935 3050; x_wconf 82' lang='lat' dir='ltr'>pontificatum</span> <span class='ocrx_word' id='word_1_179' title='bbox 950 2972 1074 3034; x_wconf 87' lang='lat' dir='ltr'>inferio-</span> 
     </span>
     <span class='ocr_line' id='line_1_29' title="bbox 141 3065 1075 3146; baseline -0.009 -16"><span class='ocrx_word' id='word_1_180' title='bbox 141 3069 227 3130; x_wconf 86' lang='lat' dir='ltr'>ribus</span> <span class='ocrx_word' id='word_1_181' title='bbox 243 3067 396 3146; x_wconf 91' lang='lat' dir='ltr'>episcopis</span> <span class='ocrx_word' id='word_1_182' title='bbox 412 3069 692 3144; x_wconf 87' lang='lat' dir='ltr'>repraesentarent,</span> <span class='ocrx_word' id='word_1_183' title='bbox 709 3068 740 3124; x_wconf 92' lang='lat' dir='ltr'>et</span> <span class='ocrx_word' id='word_1_184' title='bbox 758 3065 801 3126; x_wconf 92' lang='lat' dir='ltr'>ita</span> <span class='ocrx_word' id='word_1_185' title='bbox 815 3066 911 3126; x_wconf 90' lang='lat' dir='ltr'>veluti</span> <span class='ocrx_word' id='word_1_186' title='bbox 926 3065 1075 3124; x_wconf 90' lang='lat' dir='ltr'>interme-</span> 
     </span>
     <span class='ocr_line' id='line_1_30' title="bbox 141 3156 1075 3239; baseline -0.01 -14"><span class='ocrx_word' id='word_1_187' title='bbox 141 3162 200 3225; x_wconf 90' lang='lat' dir='ltr'>diis</span> <span class='ocrx_word' id='word_1_188' title='bbox 210 3161 343 3223; x_wconf 89' lang='lat' dir='ltr'>vinoulis</span> <span class='ocrx_word' id='word_1_189' title='bbox 354 3159 552 3239; x_wconf 83' lang='lat' dir='ltr'>pontificatus</span> <span class='ocrx_word' id='word_1_190' title='bbox 564 3175 728 3235; x_wconf 87' lang='lat' dir='ltr'>supremus</span> <span class='ocrx_word' id='word_1_191' title='bbox 742 3159 773 3216; x_wconf 93' lang='lat' dir='ltr'>et</span> <span class='ocrx_word' id='word_1_192' title='bbox 787 3157 984 3235; x_wconf 88' lang='lat' dir='ltr'>episcopatus</span> <span class='ocrx_word' id='word_1_193' title='bbox 994 3156 1075 3217; x_wconf 86' lang='lat' dir='ltr'>inter</span> 
     </span>
     <span class='ocr_line' id='line_1_31' title="bbox 141 3248 1074 3333; baseline -0.006 -16"><span class='ocrx_word' id='word_1_194' title='bbox 141 3275 174 3318; x_wconf 89' lang='lat' dir='ltr'>se</span> <span class='ocrx_word' id='word_1_195' title='bbox 203 3254 427 3333; x_wconf 89' lang='lat' dir='ltr'>colligarentur</span> <span class='ocrx_word' id='word_1_196' title='bbox 462 3255 493 3312; x_wconf 90' lang='lat' dir='ltr'>et</span> <span class='ocrx_word' id='word_1_197' title='bbox 528 3250 560 3310; x_wconf 94' lang='lat' dir='ltr'>in</span> <span class='ocrx_word' id='word_1_198' title='bbox 590 3248 767 3311; x_wconf 90' lang='lat' dir='ltr'>obedientia</span> <span class='ocrx_word' id='word_1_199' title='bbox 796 3248 912 3332; x_wconf 90' lang='lat' dir='ltr'>subditi</span> <span class='ocrx_word' id='word_1_200' title='bbox 939 3251 1074 3311; x_wconf 89' lang='lat' dir='ltr'>contine-</span> 
     </span>
     <span class='ocr_line' id='line_1_32' title="bbox 142 3352 261 3410; baseline 0.008 -1"><span class='ocrx_word' id='word_1_201' title='bbox 142 3352 261 3410; x_wconf 91' lang='lat' dir='ltr'>rentur.</span> 
     </span>
    </p>

    <p class='ocr_par' dir='ltr' id='par_1_10' title="bbox 142 3427 1075 3612">
     <span class='ocr_line' id='line_1_33' title="bbox 183 3427 1075 3518; baseline -0.008 -15"><span class='ocrx_word' id='word_1_202' title='bbox 183 3443 235 3504; x_wconf 87' lang='lat' dir='ltr'>Sic</span> <span class='ocrx_word' id='word_1_203' title='bbox 248 3444 281 3502; x_wconf 88' lang='lat' dir='ltr'>et</span> <span class='ocrx_word' id='word_1_204' title='bbox 295 3440 327 3500; x_wconf 89' lang='lat' dir='ltr'>in</span> <span class='ocrx_word' id='word_1_205' title='bbox 343 3427 453 3518; x_wconf 82' lang='lat' dir='ltr'>quavis</span> <span class='ocrx_word' id='word_1_206' title='bbox 472 3435 617 3497; x_wconf 86' lang='lat' dir='ltr'>ordinata</span> <span class='ocrx_word' id='word_1_207' title='bbox 629 3434 808 3514; x_wconf 88' lang='lat' dir='ltr'>republica,</span> <span class='ocrx_word' id='word_1_208' title='bbox 824 3435 929 3514; x_wconf 90' lang='lat' dir='ltr'>plures</span> <span class='ocrx_word' id='word_1_209' title='bbox 939 3439 1012 3498; x_wconf 89' lang='lat' dir='ltr'>sunt</span> <span class='ocrx_word' id='word_1_210' title='bbox 1028 3435 1075 3496; x_wconf 88' lang='lat' dir='ltr'>in-</span> 
     </span>
     <span class='ocr_line' id='line_1_34' title="bbox 142 3528 1073 3612; baseline 0 -16"><span class='ocrx_word' id='word_1_211' title='bbox 142 3533 286 3604; x_wconf 87' lang='lat' dir='ltr'>termedii</span> <span class='ocrx_word' id='word_1_212' title='bbox 309 3530 526 3612; x_wconf 84' lang='lat' dir='ltr'>magistratus,</span> <span class='ocrx_word' id='word_1_213' title='bbox 543 3547 675 3610; x_wconf 88' lang='lat' dir='ltr'>quorum</span> <span class='ocrx_word' id='word_1_214' title='bbox 692 3528 804 3611; x_wconf 86' lang='lat' dir='ltr'>singuli</span> <span class='ocrx_word' id='word_1_215' title='bbox 824 3548 880 3608; x_wconf 91' lang='lat' dir='ltr'>pro</span> <span class='ocrx_word' id='word_1_216' title='bbox 899 3529 1073 3596; x_wconf 87' lang='lat' dir='ltr'>ordinesuo</span> 
     </span>
    </p>
   </div>
   <div class='ocr_carea' id='block_1_8' title="bbox 0 0 1268 4012">
    <p class='ocr_par' dir='ltr' id='par_1_11' title="bbox 0 0 1268 4012">
     <span class='ocr_line' id='line_1_35' title="bbox 0 0 1268 4012; baseline 0 0"><span class='ocrx_word' id='word_1_217' title='bbox 0 0 1268 4012; x_wconf 95' lang='lat' dir='ltr'> </span> 
     </span>
    </p>
   </div>
  </div>
 </body>
</html>
