2484 4016
350 313 388 360 nn
408 313 536 362 cunero
556 313 639 362 runis
660 311 817 364 circuiet.
994 301 1051 366 287

162 461 237 520 Haec
251 475 323 520 oum
338 457 382 520 itu
395 458 479 536 sint,
502 459 601 522 oritur
620 460 806 522 naturaliter
820 461 952 542 quaestio
969 477 1009 522 an
1027 462 1052 524 si

123 550 311 633 conjugatos
325 551 466 614 Ecclesia
480 553 647 632 receperit,¹
661 556 693 614 et
706 553 751 614 eie
765 553 906 636 conjugii
922 555 1053 636 legitimi

123 664 216 707 usum
237 645 450 708 concesserit?
465 645 497 708 Si
511 645 644 726 pristina
660 645 834 726 discipline
854 651 971 712 nosttae
986 657 1055 712 mo·

123 742 275 800 numeuta
293 739 404 800 hucin
424 755 459 800 re
484 739 587 818 piacet
611 754 764 817 remeare,
788 740 935 803 videntur
949 743 1055 806 cleriei

123 831 260 913 majores
275 832 396 910 saitem,
409 833 461 895 vix
474 849 514 893 oc
525 837 628 894 essent
641 831 787 911 ordinati,
804 852 837 894 se
853 835 892 895 ab
905 836 1054 898 uxoribus
1126 879 1127 884 κ

124 926 362 1004 separasse,vel
372 943 572 987 communem
587 945 658 987 cum
673 925 749 1006 ipsis
771 927 939 988 retinentes
962 929 1055 990 coha-

123 1017 328 1095 bitationem,
349 1018 382 1078 in
406 1021 552 1098 separato
577 1020 681 1079 temen
707 1019 859 1098 conclavi,
889 1019 1054 1100 conjugale

123 1109 207 1173 thori
218 1109 440 1196 commercium
450 1130 522 1173 eum
530 1111 679 1174 uxoribus
687 1111 751 1172 suis
760 1113 881 1174 nullum
889 1113 1053 1190 habuisse3

124 1203 182 1265 sed
197 1203 361 1283 episeopis,
379 1204 571 1284 presbyteris
584 1205 634 1267 vel
652 1205 790 1266 diaconis
804 1209 918 1285 nuptis
932 1207 1056 1288 religio·

122 1315 194 1359 sum
211 1297 386 1376 suscepisse
403 1298 556 1376 habitum,
581 1298 620 1358 de
637 1299 764 1360 nomine
783 1299 901 1378 gradus
924 1300 983 1362 riri
1007 1301 1054 1360 sui

123 1391 225 1452 dictas
239 1390 413 1470 episcopas,r
424 1391 624 1470 presbyteras
633 1391 683 1452 vel
698 1391 858 1469 diaconus,
867 1393 898 1454 et
912 1391 957 1453 ita
971 1392 1056 1453 caeli-

123 1485 181 1546 bes
205 1483 356 1545 mansisse
378 1487 417 1546 ut
432 1483 587 1566 siquidem
612 1487 735 1546 mortuo
758 1485 852 1546 etiam
875 1485 949 1547 viro*
964 1485 1053 1547 elteri

123 1577 150 1639 si
163 1579 369 1639 attentassent
378 1577 507 1655 nubere,
515 1577 616 1640 abillo
629 1595 691 1640 non
700 1577 958 1657 sinepocnitentiu
967 1591 1056 1658 sepe·

125 1669 432 1750 instituentium,
449 1671 489 1732 dc
499 1670 737 1750 antiquitatibus
748 1669 827 1752 juris
843 1671 1005 1749 canonici,
1025 1675 1057 1734 et

125 1763 381 1842 thomassinum,
402 1763 548 1826 devcteri
562 1767 593 1826 et
603 1781 686 1825 nova
699 1764 847 1825 Ecoiesiae
856 1764 1046 1844 disciplina.)

167 1856 230 1918 Sed
246 1855 448 1936 sequentibus
470 1856 591 1918 secuta
611 1856 717 1936 eliqua
740 1859 871 1936 apparet
892 1856 1056 1919 diuersitas

124 1949 188 2032 truc
198 1949 231 2009 iu
244 1964 285 2009 re·
293 1949 378 2011 inter
387 1949 572 2012 orientdem
589 1953 620 2012 et
634 1950 860 2012 occidentalem
870 1950 1053 2014 Ecclesiam.

6 2083 7 2088 κ
125 2041 802 2106 uamvidenusoccidentalemseotatinam
814 2043 1058 2105 deeicsiamcae·

6 2137 7 2154 t
124 2135 400 2198 libutuesereendi
423 2135 673 2214 edacissimo
690 2137 769 2198 odeo
793 2140 911 2199 utnon
933 2141 1056 2200 tantum

124 2227 276 2303 initamini
295 2229 475 2307 nuptarum
490 2241 587 2290 usuro-
596 2228 768 2310 majoribus
790 2229 911 2292 oter-ieie
926 2230 1057 2294 interdi-

125 2322 219 2400 xerit,
230 2321 287 2382 sed
301 2322 346 2382 ad
356 2323 633 2402 omnepericu'ium
640 2323 824 2400 tollendum,
833 2341 891 2384 nec
902 2325 1057 2386 edenenas

125 2415 254 2478 ordines
268 2415 404 2478 uoluerit
416 2415 550 2495 amptius
564 2415 707 2495 recipere
717 2415 912 2496 conjugatos,
924 2417 983 2478 nisi
1002 2421 1057 2480 aut
1121 2489 1123 2492 ¹

124 2509 254 2572 itionum
267 2524 380 2572 uxores
392 2511 500 2571 votum
514 2512 674 2590 perpetuae
691 2507 842 2570 castitatis
855 2515 964 2570 corani
977 2511 1056 2590 epis

126 2620 207 2683 oopo
237 2601 422 2679 emisissent,
441 2601 569 2663 autsia
591 2601 945 2682 quavisiucontinentiee
957 2604 1058 2684 suspi-

128 2695 218 2757 cione
234 2695 588 2772 nonessentimmunes‚
605 2695 636 2755 in
651 2695 876 2757 monasterium
896 2695 929 2756 in
949 2705 1059 2778 perpe-

126 2791 217 2851 tuum
232 2789 480 2850 recluderentur.
498 2788 599 2849 Hodie
613 2788 787 2868 generatim
806 2789 945 2854 Ecclesia
962 2793 1060 2856 latina

127 2897 191 2944 uon
205 2881 265 2944 nisi
276 2882 334 2944 sub
346 2881 406 2944 iioe
420 2881 598 2944 conditione
614 2881 859 2962 conjugatosvei
869 2885 910 2947 ad
921 2883 1059 2949 minores

128 2977 178 3038 vei
193 2977 233 3037 ad
255 2974 396 3056 majores·
412 2975 537 3036 ordines
561 2970 776 3054 suscipiendos
793 2978 939 3041 admittit.
959 2978 1059 3060 Hujus

128 3069 301 3150 disoipiinae
314 3071 502 3149 argumenta
517 3069 671 3130 hahemus
682 3080 750 3150 cop.
769 3071 797 3148 i,
810 3069 855 3132 De
866 3071 979 3133 clert'ot's
993 3089 1061 3133 coo·

120 3162 251 3245 jacetis,
267 3165 327 3224 etc.-

169 3259 214 3318 ii.-
227 3255 294 3319 Sed
304 3265 369 3318 udo
380 3255 424 3318 itn
436 3269 532 3336 peuce
547 3255 719 3318 orientales
734 3253 799 3317 sive
813 3256 845 3318 id
857 3253 1059 3320 tribuendum

128 3349 274 3414 sitbellit
295 3353 332 3412 et
345 3349 517 3412 heresibus¹
537 3357 609 3430 qued
631 3347 767 3410 Orientis
788 3349 931 3430 regiones
952 3353 1060 3430 primis

129 3443 279 3506 Ecclesia
294 3441 416 3504 succidis
436 3443 650 3505 devastarunt·
661 3440 704 3521 (in
722 3441 805 3503 beiio
826 3443 921 3506 silent
930 3445 1015 3524 leges
1031 3449 1063 3508 et

129 3538 288 3620 obrepunt
302 3536 442 3618 ebusus),
459 3537 509 3598 vei
521 3534 712 3616 prodiviteti
723 3551 818 3619 quam
829 3537 930 3598 Getici
938 3545 1062 3620 semper
