2514 4014
188 284 227 344 28
390 293 625 364 rnsrrnnrouns
646 293 727 340 Junrs
750 293 903 340 cruorum.

191 458 258 502 esse
279 456 365 499 mere
383 435 639 513 monarchicum,
658 437 714 498 sed
738 439 882 498 constare
902 433 1122 498 monarchiam
1239 469 1240 492 r

191 532 296 612 aliquo
306 531 459 592 elemento
469 529 681 590 aristocratiae
689 528 1042 606 temperatamllthano
1052 547 1123 589 sen-

190 625 321 686 tentiam
342 623 508 684 adstruunt
522 640 560 681 ex
576 621 630 680 illa
649 620 764 700 duplici
780 620 944 681 collatione
958 620 1123 697 potestatis

192 735 211 776 a
225 715 345 778 Christo
362 715 464 792 facta,
480 717 510 774 θῖ
528 733 565 774 ex
577 711 684 774 divina
704 712 896 773 institutione
911 711 1121 790 episcopatus.

231 807 263 869 2⁰
278 807 349 884 Alii,
366 824 438 868 oum
463 805 614 867 cardinali
629 805 731 882 Ursio,
755 804 812 865 etsi
827 804 859 864 in
879 804 1009 864 dubium
1021 805 1125 865 neuti-

192 919 288 981 quam
299 903 413 962 vocent
424 917 494 978 quae
507 902 602 960 antea
616 898 754 958 diximus.
771 897 810 956 de
826 895 945 975 origine
960 897 1125 974 potestatis

194 992 388 1073 episcopalis,
407 991 609 1053 nihilominus
623 989 815 1050 arbitrantur
827 1007 864 1049 ea
879 988 956 1048 nihil
970 989 1125 1068 impedire

194 1086 360 1166 quominus
376 1084 522 1146 Ecclesiae
544 1084 684 1163 regimen
706 1082 829 1143 dicatur
843 1082 874 1142 et
887 1081 928 1142 sit
942 1081 1126 1160 simpliciter

193 1177 439 1242 monarchicum.
452 1179 542 1238 ,Hanc
552 1177 719 1238 adstruunt
733 1174 921 1236 sententiam
934 1193 973 1235 ex
987 1191 1026 1236 eo
1037 1173 1125 1253 quod

82 1284 85 1294 '
194 1271 226 1331 in
239 1269 378 1330 Ecclesia
392 1287 532 1330 summus
546 1269 692 1347 princeps
706 1266 855 1330 aGhristo
862 1267 1047 1328 constitutus
1063 1269 1123 1344 est,

195 1362 248 1442 qui
270 1361 414 1423 omnibus
437 1360 613 1440 imperandi
636 1362 823 1438 potestatem
844 1359 965 1436 habet,
994 1362 1025 1420 et
1046 1358 1125 1418 nulli
1242 1399 1243 1408 ε

196 1454 359 1534 subjicitur
375 1475 381 1515 :
398 1454 466 1515 haeo
475 1472 549 1533 ergo
565 1452 734 1514 auctoritas
747 1450 1016 1513 divinituscollata
1023 1451 1056 1512 in
1066 1469 1125 1512 suo

196 1547 342 1608 exercitio
367 1545 494 1606 minime
519 1549 566 1607 θεῖ
587 1544 723 1607 obnoxia
750 1543 880 1623 collegio
905 1544 1127 1623 episcoporum

197 1641 253 1702 sed
262 1639 486 1719 independens,
500 1642 593 1719 atque
605 1656 670 1699 cere
679 1657 713 1698 ce
721 1637 845 1718 proprie
857 1656 1001 1718 suprema.

238 1733 327 1794 Circa
334 1732 415 1792 hanc
423 1731 639 1810 quaestionem,
654 1730 847 1806 evidensest,
860 1729 1032 1791 l⁰formam
1045 1729 1127 1807 regi·
1243 1721 1244 1776 l

196 1825 290 1886 minis
296 1843 363 1886 esse
371 1823 616 1896 monarchioam3
627 1825 750 1885 constat
760 1841 798 1883 ex
806 1822 906 1883 dictis.
915 1822 947 1884 Si
957 1821 1127 1902 aliquando

198 1920 335 1995 potestas
359 1934 506 1994 suprema
532 1919 694 1978 exercetur
714 1933 734 1976 a
757 1915 887 1977 concilio
912 1913 1069 1994 generali,
1093 1914 1128 1974 id

110 2065 111 2068 ,
198 2027 262 2070 non
281 2010 317 2070 fit
330 2008 396 2068 sine
411 2007 623 2086 dependentia
636 2024 656 2068 a
670 2011 810 2070 Romano
823 2005 983 2070 Pontifiee.
1002 2007 1033 2070 Si
1052 2025 1129 2068 con·
1244 2007 1245 2030 ¹

199 2101 354 2164 sideratur
372 2101 404 2160 in
420 2099 565 2162 abstracto
578 2103 717 2180 potestas
731 2100 800 2161 haec
820 2117 983 2179 suprema,
1006 2103 1129 2162 constat

199 2193 285 2254 illam
300 2213 367 2254 esse
382 2211 478 2254 unam
490 2194 522 2254 in
532 2213 564 2254 εθ
576 2197 607 2254 θῖ
617 2192 856 2266 indivisibilem3
871 2193 897 2254 si
912 2192 1130 2254 consideratur

200 2286 231 2346 io
243 2293 391 2362 concreto,
407 2286 704 2348 incommutabiliter
718 2285 835 2346 residet
848 2285 879 2346 in
895 2288 1036 2348 Romano
1047 2288 1129 2347 Pon-

199 2378 293 2456 tifice,
318 2378 370 2458 qui
394 2397 464 2439 eam
483 2397 538 2442 suo
563 2379 716 2440 arbitratu
739 2397 885 2440 exercere
906 2382 1018 2457 potest.
1045 2380 1128 2458 Ergo

200 2471 328 2532 minime
342 2472 524 2552 ambiguum
539 2474 586 2534 θεῖ
600 2472 675 2551 quin
696 2471 836 2551 regimen
851 2471 998 2534 Ecclesiae
1013 2470 1129 2550 simpli-

203 2564 280 2626 citer
291 2564 527 2626 moucrchioum
539 2565 600 2625 dici
614 2565 737 2626 debeat.

241 2662 273 2719 2⁰
287 2657 526 2737 Episcopi,licet
537 2676 600 2719 non
615 2657 677 2735 sint
684 2655 840 2736 simplices
855 2657 990 2737 delegati
1003 2660 1040 2719 R.
1051 2659 1130 2719 Pon·

201 2749 303 2826 tiliois,
321 2755 426 2811 tamen
441 2769 504 2812 non
517 2753 664 2811 exercent
675 2749 732 2810 nisi
751 2751 940 2829 potestatem
954 2749 1071 2811 ordinis
1083 2749 1132 2810 in-

203 2841 324 2904 ferioris
351 2847 383 2904 et
415 2859 570 2922 supremae
604 2843 804 2915 obnoxiam;
839 2843 912 2903 inde
942 2842 1131 2904 constituere

203 2939 361 3016 nequeant
382 2937 572 2998 elementum
594 2935 843 2997 aristocraticum
856 2935 982 3014 proprie
999 2935 1129 3010 dictum,

204 3029 288 3107 quod
311 3029 431 3090 scilicet
454 3032 543 3106 parte
567 3027 761 3091 auctoritatis
783 3045 938 3105 suprema
965 3027 1129 3106 potiretur.
1169 3029 1172 3034 “

203 3123 299 3183 Porro
314 3125 349 3183 ut
362 3121 503 3201 regimen
525 3120 652 3198 aliquod
674 3119 796 3182 dicatur
810 3124 865 3182 aut
879 3119 1060 3198 simpliciter
1079 3121 1133 3178 aut

204 3214 377 3273 seeundum
401 3213 476 3293 quid
496 3212 760 3290 aristocraticum‚
785 3231 911 3274 necesse
927 3216 973 3274 est
988 3214 1023 3272 ut
1045 3229 1130 3289 pars,

204 3323 267 3365 non
282 3306 444 3382 potestatis
456 3305 618 3386 cujusque,
636 3306 691 3366 sed
701 3323 854 3386 superlore,
872 3306 912 3366 ab
923 3305 1002 3381 aliis,
1018 3308 1134 3384 praeter

205 3396 360 3477 potiorem
369 3398 553 3477 prinoipem,
569 3397 755 3460 detineatur.
774 3400 894 3478 Ergo...

245 3493 279 3554 3⁰
298 3491 417 3552 Tamen
431 3492 456 3550 si
477 3491 544 3553 haec
565 3490 695 3569 quaestio
709 3490 741 3550 in
755 3491 808 3552 illo
824 3508 918 3553 sensu
940 3490 1133 3572 intelligatur
