2514 4014
542 283 768 334 nnomsonsnn.
1104 275 1123 334 9

186 428 356 492 scientiam
381 445 453 510 qum
468 433 584 492 statum
597 431 643 493 rei
659 430 836 494 christiana
858 430 1056 510 determinat,
1069 431 1122 513 jus

191 525 299 584 autem
314 522 503 606 canonicum
517 541 585 584 esse
599 524 848 604 complexionem
864 523 985 606 jurium
1009 528 1041 588 ot
1054 525 1121 587 olfi-

192 615 313 676 ciorum
346 615 542 694 singulorum
574 615 829 679 christianorum.
858 621 1012 680 Asseruut
1036 617 1121 679 enim

190 710 306 770 statum
325 707 505 788 reipublicae
520 708 631 788 inspici
644 709 678 771 in
701 710 809 772 ordina
834 710 875 772 ad
890 711 964 787 duo,
975 709 1121 772 videlicet

189 801 232 862 ad
268 799 434 880 generales
469 800 636 864 relationes
674 801 805 866 sociales
845 803 958 884 quibus
997 802 1122 866 interna

189 893 372 972 reipublicae
396 893 572 956 oeconomia
586 895 728 972 fulcitum
758 895 873 958 deindo
891 895 932 958 ad
952 895 1119 959 relationes

190 986 333 1068 ejusdem
362 985 520 1050 societatis
534 1005 607 1049 cum
621 988 753 1068 catenis,
767 989 852 1052 unde
862 992 992 1052 externa
1007 987 1119 1069 positio

189 1079 330 1142 nascitur
347 1098 354 1140 :
372 1082 541 1160 utrumque
558 1081 694 1160 pertinet
717 1081 822 1163 adjus
840 1080 1012 1162 publicum.
1042 1083 1121 1146 Jura

190 1175 343 1235 autemst
357 1171 461 1235 officia
474 1172 670 1254 singulorum
692 1193 731 1236 ex
752 1174 825 1256 jure
839 1173 990 1238 canonico
1018 1174 1120 1238 detar-

189 1265 362 1330 minantur.

230 1358 345 1439 Aliqua
367 1357 534 1420 difficultas
558 1363 605 1422 est
627 1359 660 1421 in
683 1361 770 1440 praxi
792 1379 849 1442 pro
876 1360 936 1422 hac
964 1359 1120 1423 sententia

189 1451 318 1515 tuenda.
344 1453 424 1512 Nam
443 1449 534 1531 juxta
560 1469 630 1512 eam
640 1452 693 1534 jus
714 1453 899 1516 canonicum
927 1451 1119 1516 deberatvel

190 1561 386 1622 supponere,
411 1541 462 1604 vel
475 1543 665 1623 posthabere
680 1563 719 1606 ea
740 1563 810 1626 qua
831 1547 975 1626 spectant
995 1544 1037 1606 ad
1062 1563 1120 1624 pu·

189 1634 306 1698 blicam
321 1634 468 1697 Ecclesia
490 1637 709 1698 oeconomiam.
733 1640 775 1698 At
793 1636 819 1698 si
840 1655 860 1697 a
878 1635 1015 1698 scientiis
1030 1638 1121 1717 sepa-

189 1745 297 1788 remus
312 1745 352 1788 ea
364 1745 435 1807 quae
446 1730 589 1806 spectent
602 1728 643 1790 ad
658 1728 839 1809 generalem
851 1727 896 1790 rei
907 1731 1118 1808 prospectum,

189 1820 310 1882 tollitur
328 1817 466 1880 scientiae
481 1819 594 1882 unitas.
612 1822 695 1902 Ergo
707 1821 760 1903 jus
775 1820 961 1884 canonicum
979 1824 1121 1882 remanet

189 1912 292 1973 inanis
309 1911 377 1995 sine
391 1911 493 1974 forma
506 1918 695 1994 conceptus,
716 1914 854 1995 positum
864 1912 898 1976 in
915 1913 982 1976 sola
1000 1912 1121 1994 jurium

190 2007 324 2069 ratione.

228 2103 261 2159 4⁰
284 2099 418 2160 Domum
441 2100 491 2160 Fr.
509 2097 653 2176 Schmier
675 2099 818 2179 procedit
836 2099 1056 2180 distinguendo
1068 2099 1120 2181 jus

190 2192 222 2253 in
238 2190 441 2253 constitutum
454 2194 485 2254 et
495 2191 696 2266 consumens.
712 2192 851 2254 Ptimum
866 2191 1054 2254 determinat
1066 2209 1120 2272 po·
1155 2225 1160 2234 ·

190 2285 319 2346 testates
338 2282 417 2363 legis
430 2282 593 2360 faciendae,
619 2283 754 2346 alterum
772 2284 845 2366 jura
860 2287 891 2346 et
910 2283 1014 2348 officia
1030 2282 1121 2364 juxta

190 2375 276 2454 leges
285 2373 353 2456 jam
370 2375 461 2437 latae.
478 2375 541 2437 Sed
558 2375 602 2436 sic
617 2375 850 2456 distinguendo,
867 2379 978 2439 auctor
993 2375 1121 2437 distinc-

191 2467 309 2530 tionem
329 2467 411 2530 inter
436 2469 602 2547 utrumque
625 2468 678 2548 jus
700 2468 827 2530 omnino
852 2467 1015 2532 destruxit.
1042 2470 1121 2530 Nam

192 2559 319 2621 omnino
345 2559 563 2621 desiderantur
588 2559 703 2621 limites
728 2561 891 2642 utriusque
916 2559 1008 2640 juris.
1041 2560 1120 2633 Quid

193 2650 286 2729 enim,
303 2651 329 2713 si
342 2652 393 2713 lex
406 2652 592 2733 proponitur
604 2669 674 2731 quae
687 2653 827 2716 declarat
837 2653 974 2733 aliquem
986 2653 1121 2732 madum

193 2743 410 2806 ecclesiastica
436 2745 625 2825 potestatis?
652 2744 735 2806 'lulis
760 2745 810 2806 lex
836 2748 936 2807 estne
962 2745 1121 2826 objectum

189 2835 269 2915 juris
297 2835 414 2916 publici
435 2856 475 2898 an
497 2836 577 2916 juris
605 2836 719 2916 privati
747 2855 804 2900 sen
834 2837 1000 2901 canonici?
1026 2838 1121 2900 Juxta

194 2927 336 2992 Sohmier
359 2929 483 3010 utrique
504 2928 641 2991 scientiae
665 2931 769 3008 potest
791 2930 911 3009 aptari3
928 2929 1013 2992 unde
1035 2929 1122 2992 nulla

193 3024 336 3083 remanet
344 3021 506 3102 utriusque
522 3020 690 3084 distinctio.

230 3115 263 3174 5⁰
275 3115 388 3175 Nostra
401 3117 507 3176 autem
517 3113 671 3176 sententia
679 3113 748 3177 hae
761 3118 808 3176 est
824 3135 831 3176 :
844 3113 976 3176 societas
987 3131 1119 3196 quaque

193 3203 309 3285 duplici
323 3206 393 3286 lege
411 3207 546 3287 regitur,
565 3225 699 3286 quarum
712 3225 777 3269 una
790 3206 950 3270 constituit
963 3207 1120 3270 societatis

189 3297 241 3377 jus
256 3301 289 3359 et
301 3299 446 3377 formam,
463 3300 563 3362 altera
575 3318 652 3362 veno
665 3318 685 3361 a
696 3299 931 3380 magistratibus
946 3300 1121 3363 constitutis

193 3389 338 3453 daturad
359 3409 503 3456 normam
520 3393 588 3474 jam
603 3392 778 3458 constituta
793 3393 960 3456 societatis.
980 3393 1120 3473 Hincjus
1249 3397 1250 3400 ’

192 3478 353 3561 publicum
367 3497 409 3546 est
429 3486 644 3568 scientiaque,
663 3486 776 3548 ratione
793 3486 880 3561 duce,
894 3495 1003 3548 statam
1023 3486 1121 3566 repa·

1006 3590 1033 3643 ¹4
