2514 4014
163 285 203 346 58
375 297 602 348 insusurronss
623 297 705 347 susis
727 297 881 348 carorum.

164 444 265 524 magis
286 461 324 504 ex
347 444 457 505 fraude
479 443 592 506 horum
607 443 825 506 haereticorum
840 461 935 522 quam
950 461 988 502 ex
1011 440 1098 522 malo

164 535 268 596 animo
293 553 331 595 ex
357 540 445 614 parte
475 537 668 598 auctoritatis
695 535 803 613 civiliS,
831 535 1036 614 imperatores
1065 537 1097 595 et

164 647 255 707 reges
265 627 423 689 christiani
439 630 611 690 Ecclesiam
626 632 777 708 tanquam
792 631 926 688 matrem
938 647 1028 689 suam
1043 647 1096 688 ve-

164 721 367 799 nerabantur,
391 726 422 783 et
443 722 485 782 illi
508 741 571 783 non
586 725 708 784 tantum
721 721 899 782 libertatem
920 725 951 782 et
965 725 1095 782 autono-

163 814 260 874 miam
268 815 472 894 reliquerunt,
483 816 538 875 sed
550 819 580 876 et
589 815 675 875 illam
685 813 865 875 omnimoda
873 813 1095 892 temporalium

163 907 399 987 privilegiorum
413 908 622 968 cumulatione
636 907 845 968 condecorare
860 906 1050 967 nitebantur.
1131 963 1135 968 .

205 1000 256 1062 Sic
271 1019 346 1079 ergo
361 1001 456 1061 facies
483 1001 630 1077 historia,
648 998 707 1060 hac
727 999 758 1059 in
781 1019 826 1076 re,
843 999 1007 1060 immutata
1026 1018 1094 1060 esse

163 1092 298 1170 videtur,
317 1094 401 1173 quod
424 1094 457 1153 in
483 1093 585 1173 prima
599 1093 729 1172 periodo
752 1091 892 1152 Ecclesia
905 1092 1092 1170 proscripta,

149 1185 196 1243 ·in
220 1185 359 1246 secunda
371 1185 522 1263 hac,'non
533 1189 654 1247 tantum
669 1185 701 1244 in
713 1184 765 1264 jus
784 1202 950 1245 commune
967 1189 1095 1262 recepta

164 1277 233 1353 fnit,
250 1281 450 1352 uolitantum
468 1297 597 1358 arogno
614 1277 695 1340 civili
711 1277 901 1340 consortium
920 1280 951 1338 et
963 1277 1094 1337 tutelam

165 1364 313 1447 obtinuit,
332 1371 387 1431 sed
406 1374 558 1452 tanquam
577 1370 744 1451 magistra,
769 1373 814 1447 ct,
835 1374 985 1450 tanquam
997 1369 1095 1447 ipsius

165 1463 321 1525 societatis
346 1463 444 1525 civilis
466 1463 541 1541 vita,
567 1463 599 1523 in
626 1482 733 1524 omnes
755 1462 822 1543 ejus
837 1467 941 1542 partes
964 1463 1094 1525 influere

164 1557 232 1617 risa
247 1557 296 1619 sit.
312 1557 357 1618 Ea
371 1559 438 1618 erat
456 1557 578 1636 imperii
593 1557 707 1635 gallici,
724 1556 896 1635 prasertim
912 1555 969 1617 sub
984 1554 1095 1616 Garolo

165 1652 290 1730 Magne,
312 1651 444 1729 indoles,
461 1653 496 1711 ut
508 1669 609 1729 regeS,
627 1669 699 1711 cum
715 1649 915 1729 optimatibus
934 1647 1022 1726 regni
1032 1665 1096 1706 una

168 1762 240 1802 eum
250 1744 404 1822 episcopis
420 1744 648 1823 abbatibusque
661 1743 693 1802 in
706 1741 838 1804 comitiis
858 1741 997 1818 adunati,
1010 1740 1096 1818 leges

167 1835 310 1896 ferebant
323 1839 391 1896 tum
406 1835 446 1896 ad
461 1835 552 1896 civile
566 1839 635 1897 tum
646 1835 687 1896 ad
698 1834 941 1896 ecclesiasticum
956 1833 1096 1912 regimen

167 1930 355 2006 spectantes,
377 1945 446 2007 quae
471 1928 649 2008 capitulario
667 1930 898 2006 nuncupantur.
921 1929 984 1988 Nec
1004 1925 1097 1986 valde

168 2019 318 2080 absimilis
331 2024 398 2081 erat
410 2020 511 2080 forma
530 2020 685 2100 dirigendi
698 2022 817 2082 Insulas
836 2019 1041 2080 Britannicas
1062 2019 1097 2078 ln

169 2112 346 2191 Germania,
358 2115 496 2191 systema
505 2113 693 2190 feudalismi,
707 2131 768 2192 quo
779 2112 923 2190 regiones
934 2112 994 2172 illae
1009 2129 1096 2190 rege·

167 2206 292 2282 bantur,
310 2206 550 2266 consociabatur
564 2205 781 2266 ecclesiasticae
794 2204 994 2278 hierarchiae3
1012 2204 1096 2264 unde

168 2299 285 2358 factum
306 2301 406 2359 estut
430 2299 602 2377 quiessent
621 2299 758 2378 episcopi
781 2302 811 2360 et
833 2299 973 2375 abbates,
1001 2297 1097 2357 iidem

168 2391 232 2451 fere
247 2395 350 2452 essent
364 2409 472 2452 omnes
490 2395 521 2453 et
535 2393 693 2472 principes
703 2391 836 2472 imperii.

207 2487 258 2548 IV.
283 2487 390 2545 Romae
412 2485 550 2563 demum,
565 2486 731 2546 Pontifices
745 2484 883 2561 Maximi,
906 2484 1017 2564 quibus
1039 2483 1098 2548 im-

167 2581 327 2656 peratores
347 2576 517 2655 christiani,
537 2579 723 2656 Byzantium
747 2581 899 2656 petentes,
925 2580 1057 2638 Romam
1071 2575 1097 2636 si
1132 2635 1135 2638 .

167 2689 230 2731 non
246 2674 415 2749 cesserunt,
438 2674 545 2732 tamen
559 2671 761 2750 reliquerunt,
776 2674 928 2751 tanquam
948 2673 1097 2731 connata*

168 2763 232 2822 rale
245 2763 414 2840 spiritualis
428 2764 591 2842 potestatis
604 2783 745 2842 germen,
769 2764 975 2842 temporalem
989 2767 1098 2824 aucto-

168 2856 293 2917 ritatem
312 2855 370 2916 sibi
385 2857 567 2918 suscitatam
582 2861 787 2935 agnoverunt,
806 2876 900 2936 quam
915 2876 986 2917 cum
1001 2857 1097 2936 impe-

169 2953 309 3010 ratorum
321 2966 474 3010 consensu
488 2953 703 3009 exercuerunt.
720 2949 808 3010 Unde
821 2949 939 3010 factum
952 2953 998 3011 est
1013 2951 1097 3031 quod

168 3043 342 3120 praesertim
351 3043 472 3102 saeclis
483 3045 523 3104 VI
532 3047 563 3103 et
573 3044 638 3119 Vll,
650 3043 989 3121 Constantinopolitano
1000 3043 1096 3123 impe-

167 3135 225 3212 rio,
242 3139 371 3214 propter
385 3135 508 3197 interna
524 3135 652 3195 dissidia
660 3135 930 3216 barbarorumque
940 3136 1093 3214 incursuS,

168 3228 256 3306 quasi
281 3233 456 3307 corruente,
481 3229 684 3308 imperatores
706 3229 800 3288 rebus
825 3229 936 3290 italicis
962 3230 1094 3308 amplius

166 3320 345 3400 prospicere
370 3323 557 3402 nequibant3
585 3323 750 3383 Pontifices
771 3323 896 3384 Maximi
923 3323 943 3382 ii
969 3324 1095 3384 fuerunt

167 3413 219 3494 qui
231 3432 294 3474 non
306 3414 407 3474 solum
417 3433 583 3476 romanum
598 3415 789 3476 territorium
802 3416 1023 3494 gubernarent,
1039 3417 1094 3476 sed

167 3508 229 3574 imo
255 3506 295 3567 ad
319 3525 372 3569 cos
398 3510 601 3568 confluerent·
617 3508 712 3568 ltaliae
738 3509 857 3586 populi,
878 3513 1029 3588 tanquam
1053 3510 1093 3569 ad
