2512 4012
138 287 205 350 m
363 299 592 348 rnsrmunonn
612 299 695 348 rums
716 299 872 350 coroner.
931 261 933 264 ’

146 444 233 508 modi
255 443 422 526 collegium
450 463 513 508 non
544 445 730 523 devolvitur,
747 445 803 506 sed
829 463 868 506 ee
900 443 1081 522 exercetur,

147 539 236 601 sicuti
250 539 374 600 vivente
389 538 539 600 Pontifice
553 538 701 615 Maximo,
715 539 756 600 ab
770 537 883 600 eedem
897 537 1025 600 vicario.

185 635 319 694 Domum
342 631 368 693 si
394 649 497 693 sermo
528 632 569 694 sit
592 631 632 694 de
648 631 858 713 jurisdictione
882 628 1086 711 Pontificatus

147 724 286 802 Mentori,
300 724 367 807 ejus
377 725 576 805 acquirendae
591 725 726 804 incapax
738 727 786 786 est
799 726 830 786 S.
846 727 883 786 R.
895 725 931 786 Ε.
946 724 1003 786 GG.
1016 723 1084 785 eol-

146 819 359 900 regiumque
374 819 428 879 uni
442 817 674 898 tentumjcepiti
695 821 874 897 compete-re
893 819 1016 895 potest;
1047 822 1085 877 et

148 912 333 992 prohibetur
352 910 572 974 constitutione
587 910 634 972 Ne
648 911 764 971 morani
776 911 857 990 (esp.
874 913 907 970 2⁰
920 910 1019 972 Glem.
1037 908 1082 970 de

149 1006 324 1085 electione),
338 996 503 1085 quominus
525 1004 593 1066 haec
611 1003 786 1085 jurisdictio
806 1003 838 1062 in
858 1005 890 1065 S.
910 1005 946 1065 lt.
964 1003 999 1064 u.
1016 1003 1077 1066 OG.

149 1098 316 1178 collegium
331 1097 527 1158 devolvatur.

186 1191 296 1253 Solum
310 1189 403 1250 detur
415 1189 487 1251 huie
502 1189 619 1270 regulre
629 1190 768 1270 generali
789 1188 930 1269 exceptio
950 1208 956 1250 :
979 1187 1005 1249 si
1021 1187 1082 1250 ali-

150 1283 235 1365 quod
250 1282 411 1362 negotium
424 1286 521 1345 tnntae
538 1283 731 1346 necessitatis
746 1289 888 1364 emerget
901 1285 936 1344 ut
956 1299 1082 1344 morum

150 1396 213 1439 non
223 1377 370 1455 patietur.
387 1378 475 1437 'luno
494 1377 577 1437 enim
592 1377 738 1440 statuitur
749 1396 808 1456 per
824 1374 1082 1438 constitutionem

152 1470 292 1550 Gregorii
316 1471 343 1530 X
367 1469 425 1532 Ubi
443 1469 620 1550 perieulum,
636 1488 706 1550 quae
721 1471 787 1532 leta
796 1473 843 1532 est
855 1469 887 1530 in
904 1466 1036 1530 concilio
1046 1471 1082 1529 ἢ·

151 1563 375 1644 Lugdunensi‚·
396 1565 431 1624 ut
450 1581 558 1624 omues
583 1563 771 1640 cardinales,
796 1563 846 1624 vel
871 1561 982 1624 saltem
1010 1561 1081 1622 duae

151 1656 251 1720 terne
274 1659 379 1735 partes
402 1655 543 1734 istorum,
567 1655 686 1735 possint
708 1673 766 1734 per
784 1661 906 1718 secrete
931 1655 1084 1734 suffragiu

35 1767 39 1773 ·
151 1750 295 1812 celeriter
308 1749 381 1811 huic
402 1748 528 1829 negotio
543 1746 739 1829 expediendo
755 1767 930 1810 occurrere.
944 1747 1009 1810 Sed
1025 1765 1083 1808 ex—

152 1845 242 1922 cepto
263 1843 324 1903 hoc
337 1859 414 1904 ceso
429 1841 579 1928 peculisi-i
603 1842 635 1902 in
657 1859 719 1922 quo
735 1840 804 1904 haec
821 1840 992 1902 auctoritas
1009 1839 1083 1920 jure

152 1933 362 2014 ecclesiastice
378 1928 539 1996 confertur
554 1936 585 1996 S.
600 1935 694 2012 coll,
707 1935 746 1996 de
757 1937 870 1996 caetero
880 1933 1083 2012 nnllsmpon-

151 2027 280 2090 tissciern
291 2026 542 2108 jurisdictionem
557 2047 703 2090 exercere
726 2033 867 2107 possunt.
882 2027 972 2090 Unde
981 2029 1083 2089 totum

152 2120 290 2183 officium
300 2119 394 2200 hujus
409 2119 531 2200 collegii
541 2121 614 2182 sede
625 2125 758 2183 venante
772 2121 864 2182 unico
875 2119 1083 2182 videtnrceu·

154 2214 263 2275 sistere
276 2214 307 2274 in
323 2213 474 2274 electione
485 2213 557 2275 novi
571 2213 740 2291 Perusinis,
753 2231 823 2294 quae
834 2213 903 2294 jem
917 2231 937 2274 e
951 2211 1083 2274 concilio

152 2325 282 2369 romano
298 2306 356 2368 sub
369 2305 495 2390 Niccleo
511 2309 538 2368 ll
565 2307 666 2387 (1059)
693 2307 735 2368 sd
755 2307 816 2368 hoc
841 2306 943 2368 solum
962 2307 1085 2385 spectet

152 2400 330 2480 collegium.
356 2400 446 2464 Unde
467 2403 588 2462 tentem
616 2400 801 2480 dignitatem
820 2399 1004 2479 praeseierre
1024 2397 1083 2462 risi

152 2496 225 2556 sunt
239 2495 271 2556 S.
298 2497 334 2557 e.
351 2495 387 2556 E.
414 2493 588 2580 cardinales
611 2492 701 2555 utin
726 2492 858 2554 coneilio
880 2491 1083 2570 Lugduneusi

154 2587 254 2668 (1245)
265 2587 411 2651 omnibus
423 2587 577 2666 episcopis
591 2593 623 2648 et
635 2585 822 2665 patriarchis
835 2584 957 2664 praelsti
976 2584 1039 2646 sint
1053 2586 1085 2647 et

152 2680 332 2743 immediate
354 2683 425 2760 post
445 2681 535 2740 Rom.
555 2678 739 2741 Pontificem
762 2677 910 2741 sederent
927 2678 960 2738 in
977 2677 1084 2740 conci-

152 2773 205 2836 lio.

248 2905 305 2966 'm'
315 2913 346 2946 D!
353 2913 479 2948 ωῐιῐιῑῦῐῑῠ,
486 2913 654 2948 millenum!
665 2915 762 2949 01131111
776 2913 986 2948 communem.

191 3053 272 3116 xvi.
289 3049 438 3124 Quemvis
464 3067 572 3113 omnes
593 3052 741 3114 Ecclesiae
766 3052 888 3132 praelati
912 3069 1005 3114 suum
1025 3049 1084 3112 lra-

150 3146 247 3210 besnt
256 3143 508 3226 senatum‚eujus
518 3145 646 3208 consilio
657 3146 798 3208 derebus
808 3144 1083 3208 Ecclesieedelibe·

151 3243 353 3317 mettenses
370 3239 516 3320 quaedam
532 3257 695 3319 emergere
714 3243 846 3319 possunt
864 3239 993 3318 negotis
1009 3255 1083 3318 quae

150 3351 213 3396 non
226 3351 289 3394 une
298 3333 348 3394 vel
362 3333 424 3394 elie
436 3331 574 3394 sessione
588 3331 713 3394 deliniri
726 3333 863 3410 valeant,
883 3332 940 3394 ssd
954 3331 1085 3411 exigent

67 3475 70 3480 .
151 3427 351 3488 assiduemet
365 3429 602 3504 permanentem
610 3425 833 3488 nonnullorum
842 3443 973 3505 operam
983 3430 1020 3490 ut
1028 3441 1081 3501 ee,

123 3547 125 3554 ·
152 3537 215 3596 qun
229 3537 287 3598 per
299 3519 356 3595 est,
383 3517 545 3598 diligentis
563 3521 806 3598 perterrentur.
833 3521 920 3580 Tune
939 3518 1042 3581 solent
1061 3536 1083 3582 e
