2484 4016
356 328 394 376 or
416 293 545 376 assuero
566 329 649 376 runis
672 329 829 377 cononici.
1003 319 1059 378 sta

119 495 175 536 ces
190 476 364 556 recipiebat
377 475 498 536 libellos
511 475 560 535 vel
571 473 765 552 restituebat,
790 495 829 535 ne
842 476 938 538 nimia
952 476 1059 556 populi

117 569 300 650 frequentia
315 569 511 630 obrueretur.
525 569 624 629 Hodie
635 586 710 629 vero
723 568 796 629 huia
808 569 931 630 muneri
946 573 1061 650 praeest

117 663 293 724 secretaria
305 660 535 738 memoralium,
548 664 580 722 et
588 661 726 722 officium
739 663 842 740 potius
855 665 902 724 est
912 663 1059 742 expedire

116 754 251 836 negotia
260 755 315 816 illa
325 773 395 834 quae
410 753 441 813 in
453 753 636 815 consistorio
648 753 856 815 cardinalium
868 755 1060 817 definiuntur

116 867 257 928 quaeque
272 867 329 928 per
348 839 434 908 01001
447 846 592 907 bullarum
607 847 745 926 expediri
759 847 869 909 solent.
885 847 931 909 llli
946 851 1061 927 praeest

116 941 302 1017 cardinalis,
320 941 375 1020 qui
387 943 462 1000 tunc
477 958 540 1000 non
556 938 772 1018 cancellarius,
784 940 840 1000 sed
857 941 1061 1002 vicecancella-

115 1034 182 1094 rius
198 1033 324 1109 dicitur,
341 1033 431 1112 isque
446 1031 655 1112 coadjuvatur
668 1051 687 1092 a
701 1033 842 1110 pluribus
853 1033 991 1113 praelatis
1004 1053 1059 1095 seu

118 1125 246 1188 clericis
262 1125 315 1204 qui
338 1125 573 1204 distinguuntur
594 1124 627 1184 in
652 1125 714 1186 duo
736 1125 868 1204 collegia
887 1126 950 1188 :de
966 1147 1060 1208 parco

115 1219 241 1300 mojori,
257 1219 310 1298 qui
333 1220 374 1279 XI
399 1218 670 1279 abbreviatoribus
695 1222 827 1296 constat,
848 1223 880 1282 et
899 1220 939 1280 de
966 1241 1059 1301 parco

114 1332 238 1373 minori.

158 1409 192 1467 2⁰
213 1404 343 1466 Βατανέα
368 1405 413 1466 sic
439 1405 523 1466 dicta
544 1423 564 1466 a
584 1405 737 1468 vocabulo
757 1405 872 1468 infimae
895 1407 1057 1469 latinitatis

113 1497 199 1576 data,
221 1497 297 1578 quia
316 1498 369 1578 qui
384 1499 613 1576 praefrciebatur
636 1499 710 1559 huic
731 1501 854 1561 muneri
875 1501 1057 1580 apponebat

113 1612 216 1654 manu
229 1610 288 1652 sua
303 1591 410 1652 (11110111
430 1611 485 1652 seu
498 1591 582 1652 diem
597 1610 659 1670 quo
671 1592 773 1670 gratia
788 1612 808 1654 a
823 1597 962 1654 Romano
977 1595 1056 1654 Pon-

113 1686 203 1748 tifice
219 1683 462 1761 concedebatur,
479 1684 531 1764 qui
553 1687 720 1764 propterea
733 1685 834 1747 dictus
850 1693 897 1747 est
910 1685 1053 1748 deterius.

114 1777 265 1841 Officium
278 1777 407 1838 datariee
421 1780 468 1838 est
487 1777 634 1854 expedire
647 1777 775 1856 negotia
792 1778 1053 1858 extrajudicialia,

118 1889 191 1952 quae
218 1874 306 1932 extra
329 1869 584 1932 consistoriuma
605 1871 746 1931 Romano
766 1872 917 1933 Pontifice
936 1871 1056 1951 persol-

114 1968 247 2041 vuntur,
264 1967 299 2025 ut
320 1966 392 2024 sunt
407 1963 587 2024 collationes
602 1962 837 2042 beneficiorum,
850 1964 1054 2044 dispensatio·

113 2077 184 2135 neS,
201 2054 465 2136 eto.,hujusmodi
493 2073 563 2135 quae
593 2054 764 2135 etiamper
785 2057 869 2119 viam
896 2057 1053 2119 bullarum

113 2149 339 2232 expediuntur.
365 2148 412 2209 llli
433 2151 547 2227 praeest
568 2149 734 2212 cardinalis
754 2149 805 2230 qui
822 2149 1054 2232 (1101101110άο-

114 2244 224 2309 tcrius.
1049 2253 1051 2256 ’

73 2340 89 2363 ’·
155 2341 192 2398 3⁰
216 2334 339 2398 Camere
368 2335 464 2397 habet
487 2336 696 2398 redditionem
717 2337 873 2399 bonorum
897 2342 1054 2418 tempora-

111 2429 195 2492 lium
209 2428 357 2490 llcclesiae
378 2447 528 2490 romanae.
550 2429 599 2490 Illi
612 2432 748 2508 praeerat
762 2430 836 2490 olim
859 2431 1054 2492 archidiaco-

113 2543 188 2600 nus,
210 2521 304 2582 hodie
321 2540 397 2582 vero
416 2521 582 2583 cardinalis
597 2521 801 2602 camerliopra,
818 2523 872 2602 qui
886 2522 1053 2603 coadjuva-

112 2622 168 2680 1111
196 2615 237 2676 ab
260 2613 394 2676 auditore
421 2633 543 2676 ccmeroe
567 2619 598 2676 et
623 2614 789 2676 duodecim
818 2615 953 2693 clericis,
991 2620 1049 2678 etc.

113 2709 251 2773 Auditor
262 2708 358 2770 habet
374 2726 466 2770 suum
478 2707 627 2770 tribunal.

156 2806 191 2863 4⁰
212 2800 441 2863 Poeuiteaticria
452 2801 595 2863 instituta
605 2805 652 2863 est
661 2821 718 2881 pro
729 2802 930 2882 expediendis
944 2802 1052 2883 gratiis

112 2894 283 2975 pontificiis
302 2913 371 2974 quse
386 2894 544 2954 interdum
556 2896 754 2958 conscientia
769 2897 872 2958 lorum
882 2895 1049 2974 attingunt,

114 2988 226 3069 quales
240 2991 313 3048 sunt
327 2987 539 3049 absolutiones
552 3006 570 3048 a
581 2989 719 3068 peccatis
732 2991 782 3052 vel
797 2989 936 3051 censuris
952 3007 1051 3054 resera

113 3082 206 3159 vatis,
217 3081 405 3143 mutationes
415 3081 465 3141 vel
475 3081 845 3161 relaxationesvotorum,
856 3069 1051 3161 aliorumque
1109 3105 1112 3113 ’

114 3193 260 3260 onerum,
278 3172 526 3252 dispensationes
550 3174 847 3254 impedimentorum
862 3193 931 3254 quae
948 3193 986 3234 ex
998 3192 1051 3236 oc-

114 3268 206 3330 cultis
223 3267 406 3330 criminibus
420 3271 602 3345 nascuntur,
623 3272 682 3329 etc.
697 3268 743 3328 llli
754 3272 869 3346 praeest
883 3267 1051 3328 cardinalis

109 3360 349 3443 poenitentiarius
371 3360 478 3440 major,
491 3361 544 3439 qui
572 3360 791 3422 auctoritatem
814 3379 904 3421 suam
926 3363 1051 3430 exercet

114 3460 182 3518 tum
192 3455 224 3515 in
233 3455 300 3517 1010
309 3452 527 3534 poenitentiali,
540 3452 605 3514 sive
614 3456 701 3514 extra
710 3453 813 3519 forum
822 3453 1047 3533 poenitentiale,

115 3553 181 3618 tum
196 3566 253 3634 pro
273 3547 341 3614 foro
356 3545 565 3614 conscientiae.
583 3545 796 3632 Goudjuvatur
812 3546 845 3612 in
864 3546 933 3610 1010
948 3545 1050 3630 poeui-
