2484 4016
382 253 422 304 on
444 253 572 304 cancro
591 255 675 306 runs
698 255 853 308 canonos
1025 244 1088 312 295.

141 399 351 463 confidentis.
367 403 521 464 Namtum
531 419 589 480 per
600 419 673 462 suos
685 399 858 468 ordinarios
870 395 1081 480 administros

142 513 263 573 nempe
274 493 487 574 magistratus
502 497 570 554 tum
584 512 642 572 per
654 493 918 556 extraordinarios
939 495 1084 561 defenso-

141 605 198 648 res
209 587 414 648 ecclesiarum
425 606 443 646 a
453 606 486 648 se
499 587 676 669 deputatos,
690 605 811 648 summo
821 587 924 651 studio
934 589 1081 654 Ecclesia

143 699 259 742 curam
271 680 429 760 prosecuti
442 684 524 742 sunt.

187 788 253 850 Sed
267 790 435 866 postquam
449 786 627 866 principum
646 787 767 848 animos
792 787 907 850 invasit
926 789 1081 868 cupiditas

137 880 265 960 jurium
290 880 591 954 ecclesiastieorum,
617 883 785 962 postquam
815 881 987 942 Ecclesiam
1018 902 1082 945 non

140 974 282 1052 amplius
294 977 446 1052 tauquam
458 977 593 1034 matrem
605 973 761 1050 venerari,
782 973 838 1034 sed
861 973 947 1034 illam
969 975 1081 1038 timere

141 1069 312 1144 coeperunt
325 1071 477 1146 tanquam
496 1066 761 1143 aemulam‚=facile
782 1067 840 1127 suh
858 1067 1030 1130 advocatiae
1051 1071 1082 1130 et

141 1159 336 1220 defensionis
347 1160 437 1220 larva
450 1159 548 1220 hostis
567 1159 707 1221 animum
729 1159 934 1238 occultarunt,
953 1164 984 1224 et
999 1181 1081 1240 prae-

140 1256 230 1314 textu
246 1253 435 1332 protegendi
443 1252 517 1332 jura
532 1252 753 1330 ecelesiastica,
771 1271 808 1314 eo
821 1253 880 1314 sibi
896 1254 1035 1334 arripere
1047 1259 1079 1318 et

140 1346 292 1406 Ecclesiae
306 1345 429 1406 auferre
443 1346 631 1408 libertatem.

184 1452 264 1524 Quin
280 1469 343 1512 non
356 1451 523 1513 defuerunt
534 1452 671 1532 theologi
678 1451 870 1532 jansenistaa
879 1453 985 1532 qui‚ut
995 1453 1079 1532 prin-

141 1546 248 1623 cipum
266 1544 388 1604 animos
402 1544 460 1605 sibi
479 1549 709 1624 compararent,
726 1563 902 1625 proponere
915 1550 1079 1623 coeperunt

139 1638 299 1700 theoriam
307 1637 346 1698 de
359 1637 483 1718 juribus
495 1637 698 1718 majestaticis
710 1640 743 1700 in
755 1639 913 1716 societate,
923 1656 994 1718 qua,
1006 1657 1078 1700 con·

138 1731 307 1792 fundentes
323 1731 614 1792 defensionemcum
623 1730 840 1811 jurisdictione
851 1731 1073 1808 ecclesiastica,

139 1825 255 1886 docere
267 1827 431 1904 coeperunt
441 1825 643 1886 connaturale
656 1843 724 1886 esse
734 1825 830 1904 regiae
843 1823 1018 1904 mejestatis
1024 1823 1077 1904 jus

140 1937 181 1980 ea
194 1917 380 1981 moderandi
397 1937 467 1999 quae
480 1918 521 1979 ad
532 1917 716 1998 religionem
728 1917 846 1998 proprii
869 1920 968 1980 status
983 1917 1077 1996 perti-

141 2013 271 2090 nebant,
286 2015 319 2073 et
332 2030 369 2073 eo
384 2031 485 2092 usque
500 2013 653 2092 processit
667 2011 800 2074 audacia
818 2015 853 2074 ut
873 2011 899 2072 si
925 2010 1001 2092 quid
1020 2011 1078 2074 ad·-

140 2105 321 2167 mitteretur
346 2105 378 2164 in
400 2104 540 2166 Ecclesia
564 2104 768 2182 auctoritatis,
795 2123 865 2167 eam
894 2103 1074 2184 aprincipc

139 2198 283 2260 dicerent
295 2199 473 2278 delegatam
487 2197 593 2260 fuisse.
610 2197 805 2270 Questiones
819 2217 889 2280 quaa
904 2199 965 2262 hac
978 2197 1017 2258 de
1039 2217 1074 2262 re

136 2293 229 2354 factae
259 2295 344 2369 sunt,
371 2291 411 2353 ad
437 2291 500 2353 duo
517 2291 634 2370 puncta
654 2291 796 2352 revocari
810 2296 960 2370 possunt:
978 2295 1009 2353 1⁰
1033 2292 1074 2357 ad

139 2385 330 2464 principium
343 2403 381 2446 ex
402 2403 464 2464 quo
479 2385 539 2446 hoc
558 2385 611 2465 jus
635 2383 789 2462 originem
811 2383 971 2458 hahuerit3
985 2389 1016 2446 2⁰
1032 2384 1072 2448 ad

135 2477 252 2540 limites
265 2478 379 2558 quibus
403 2481 600 2553 coaretatur;
616 2476 701 2558 quod
715 2478 747 2537 et
769 2471 937 2555 separatim
949 2479 1072 2556 perten-

134 2571 267 2632 tandum
283 2575 339 2634 est.

458 2737 475 2774 Ι.
487 2736 516 2774 De
525 2735 587 2782 huus
600 2735 654 2782 juris
666 2735 753 2784 origine.

174 2909 212 2968 V.
228 2905 419 2984 Proponitur
433 2905 563 2986 quaestio
577 2925 584 2967 ε
599 2925 639 2966 an
652 2905 729 2967 illud
740 2925 778 2966 ex
784 2905 856 2986 jure
871 2903 1005 2966 naturali
1018 2903 1069 2964 vel

136 2999 347 3061 ecclesiastico
376 2999 583 3079 repetendum
610 2999 668 3060 sit?
687 3001 739 3060 An
762 2999 833 3080 jure
857 2995 1066 3059 ecclesiastico

133 3097 260 3154 tantum
283 3091 480 3172 recognitum
500 3092 612 3169 fuerit,
637 3092 687 3154 vel
714 3110 752 3152 ex
774 3091 968 3171 delegatione
986 3089 1066 3170 juris

134 3184 335 3248 ecclesiastici
347 3184 491 3263 primitus
507 3185 703 3246 inst'tutum?
715 3187 779 3246 Hac
795 3185 826 3244 in
839 3182 1062 3261 controversia,

132 3277 391 3358 distinguendum
407 3281 454 3339 est
466 3279 548 3339 inter
558 3277 821 3340 extraordinarios
841 3277 1019 3338 defensores
1034 3280 1065 3339 et

132 3371 305 3434 advocatos
328 3389 406 3450 quos
426 3389 483 3452 pro
513 3370 745 3452 emergentibus
771 3369 994 3450 cicumstantiis
1023 3369 1063 3430 ad

128 3463 250 3545 jurium
262 3481 392 3526 suorum
404 3462 618 3526 defensionem
631 3463 772 3526 Ecclesia
785 3462 927 3540 instituit,
953 3462 992 3523 ab
1015 3481 1062 3523 or-
