2484 4016
161 287 220 350 334
367 299 597 349 rrsrrrorroras
618 297 704 350 runrs
725 297 878 351 semron

163 541 256 603 asset.

200 637 265 695 Hoc
279 637 384 696 autem
398 635 522 696 evenire
537 653 600 698 non
613 637 717 715 potest
730 633 762 695 in
783 637 856 696 voto
870 634 1001 695 solemni
1015 680 1025 711 ,
1055 635 1101 696 si·
1226 633 1227 718 l

161 726 288 808 quidem
313 728 403 790 adest
428 727 574 790 Ecclesia
593 727 765 809 judicium3
790 726 886 806 igitur
909 729 1012 788 stante
1040 727 1100 788 illa

160 820 275 900 regula
286 821 425 900 speciali,
438 821 619 882 individuus
634 821 687 902 qui
707 839 799 910 suum
816 819 997 882 tirocinium
1014 820 1101 900 legi-

159 913 235 977 timo
253 914 410 994 peregerit
426 918 498 978 ante
508 931 604 978 suam
623 913 864 994 professionem,
881 913 1013 975 servatis
1027 931 1098 974 aar·

159 1005 270 1068 vandis
285 1006 511 1087 professionem
528 1007 614 1069 illam
630 998 778 1083 emiserit,
794 1007 970 1086 subregulo
984 1006 1095 1085 vivat,

160 1103 192 1162 et
216 1099 249 1160 id
273 1100 413 1178 proiecto
442 1104 627 1182 assequetur
657 1101 742 1182 quod
773 1091 817 1160 illi
850 1091 1036 1161 meliorest
1063 1104 1097 1162 et

158 1192 316 1272 possibile.

198 1287 368 1365 Propterea
381 1301 421 1347 nc
440 1287 499 1350 sihi
520 1288 660 1350 Ecclesia
678 1287 888 1365 contradicat,
904 1303 967 1348 non
986 1288 1095 1365 potest

159 1379 316 1442 asseratis
331 1380 494 1442 solutionis
509 1381 573 1442 voti
589 1381 737 1443 solemnis
753 1379 904 1460 profectio
918 1379 1092 1456 individui,

159 1473 217 1534 nisi
231 1473 364 1551 amplius
388 1491 450 1535 non
468 1475 647 1535 verificetur
666 1473 863 1553 suppositum
885 1473 1009 1554 (idest,
1031 1471 1093 1533 nisi

159 1565 233 1647 quia
250 1566 360 1645 regula
378 1566 431 1627 illa
451 1567 662 1646 elanguescat,
681 1567 765 1649 quod
784 1570 852 1628 erat
866 1564 1088 1646 suppositum),

160 1659 333 1720 seeundum
345 1659 431 1740 quod
445 1660 585 1721 Ecclesia
598 1661 717 1722 bonum
737 1659 815 1720 illud
831 1659 943 1724 melius
966 1662 998 1720 ct
1016 1675 1092 1738 pos-

159 1751 247 1814 sibile
274 1771 341 1813 osse
369 1752 578 1834 judicaverat.
603 1753 693 1816 Unde
714 1743 1090 1833 hujusmodi‘solutiones

160 1843 316 1908 ordinarie
330 1845 546 1908 conceduntur
566 1847 597 1906 in
613 1845 816 1927 dissipatione
831 1849 863 1907 et
885 1845 1089 1924 suspensione

159 1938 209 1998 vol
222 1938 374 2017 languore
393 1938 606 2002 institutorum
618 1938 821 2020 regularium.
838 1941 882 2000 De
901 1942 1014 2002 cateno
1036 1955 1089 1998 au-

158 2035 233 2108 tem,
249 2031 329 2093 ratio
344 2031 507 2094 solutionis
521 2033 584 2094 voti
599 2031 747 2094 solemnis
757 2051 820 2093 nou
830 2035 933 2111 potest
947 2051 1014 2093 esse
1029 2029 1087 2093 nisi

158 2125 237 2186 ratio
261 2125 408 2204 quaedam
421 2128 571 2186 extranea
584 2127 668 2188 bono
686 2125 797 2187 morali
818 2124 989 2202 individui,
1006 2144 1037 2186 v.
1052 2142 1084 2202 g.

157 2217 276 2279 honum
291 2209 462 2297 religionis,
475 2218 620 2296 civitatis,
635 2219 766 2297 physica
777 2218 941 2296 valetudo,
956 2221 1029 2292 etc.;
1044 2217 1087 2278 ita

158 2313 193 2372 ui
214 2309 359 2371 videatur
381 2309 441 2371 hoc
462 2309 581 2372 honum
595 2311 714 2373 morale
734 2310 888 2372 individui
903 2309 1085 2389 perfectioni

159 2403 413 2483 anteponendum
426 2422 504 2465 esse.

141 2522 145 2535 ’
197 2497 286 2560 Unde
310 2496 378 2559 hero
391 2500 538 2560 votorum
552 2497 733 2559 solemnitas
746 2497 930 2578 professioni
949 2495 1086 2575 regulari

158 2589 322 2667 accedens,
346 2575 617 2674 rigidioremiieeit
638 2591 801 2670 regulam,
820 2589 1013 2652 stabiliorem
1028 2593 1087 2650 sta·

140 2722 141 2725 =
156 2686 225 2746 tum
239 2682 427 2762 regularem,
446 2683 685 2745 intercludendo
701 2684 785 2744 viam
800 2699 863 2764 qua
873 2683 923 2744 vir
936 2681 1088 2762 regularis

158 2778 264 2855 posset
277 2775 310 2835 in
322 2777 472 2838 saeeulum
485 2791 638 2838 remeare.
656 2776 755 2856 lgiiur
767 2794 824 2857 per
834 2775 1088 2855 hanoperiodum

158 2867 299 2930 securior
313 2867 405 2930 simul
418 2872 450 2930 et
459 2867 591 2948 rigidior
597 2869 680 2930 iacta
693 2873 739 2931 est
748 2869 902 2948 regularis
913 2869 1085 2948 disciplina.

196 2965 228 3022 4⁰
262 2961 310 3023 nd
336 2961 418 3022 hano
444 2962 596 3041 temporis
619 2961 784 3040 periodum
805 2961 979 3041 reperimus
1003 2979 1088 3024 com-

157 3054 274 3134 pletam
295 3054 440 3116 ordinum
459 3055 670 3135 exemptionem
689 3073 708 3116 a
730 3057 882 3134 potestate
903 3053 1084 3134 episcopali.

157 3150 310 3228 Namque,
325 3148 426 3227 prima
435 3147 576 3227 periodo,
589 3147 715 3210 familia
725 3147 1086 3210 monachorumomnino

157 3239 400 3321 subjacebantur
410 3241 579 3320 dioecesani
592 3238 729 3322 episcopi
740 3241 927 3320 unomritati,
935 3245 1094 3321 tanquam

158 3332 281 3396 laicalia
302 3334 447 3397 sodalitia
460 3325 551 3398 intra
570 3335 731 3398 dioecesim
747 3334 898 3396 instituta.
922 3334 1014 3396 lnitio
1039 3351 1085 3396 se·

159 3424 269 3486 cunda
277 3426 409 3503 periodi,
420 3425 612 3489 mitiaetiam
620 3428 695 3490 trita
704 3429 777 3490 sunt
786 3427 951 3508 cujusdam
961 3445 1084 3507 exemp

158 3513 252 3578 tionis
265 3516 474 3600 regularium,
497 3533 611 3600 nempe
631 3519 672 3584 ab
685 3523 778 3586 atate
803 3520 945 3601 Gregorii
961 3520 1093 3604 magni,

1133 351 1138 358 '
1226 341 1227 404 l

161 444 194 508 id
205 445 401 527 promitteret
410 447 494 528 quod
506 465 563 528 pro
578 465 613 510 sa
630 449 741 510 melius
753 447 888 511 deiecto
902 447 1102 510 inconcreta
