2512 4012
122 253 181 313 228
331 263 560 310 msnrurronss
580 263 663 309 roms
684 263 838 309 canonici.

124 429 237 489 nempe
252 408 302 469 alii
316 407 498 486 episcopum
509 427 572 488 qua
586 407 770 488 principem,
787 408 839 468 alii
855 425 917 487 qua
930 409 1057 486 patrem

124 504 401 582 repraesentarent3
422 503 453 561 et
478 520 556 580 quos
585 505 717 580 paterna
736 501 872 562 charitas
896 500 928 560 in
950 500 1057 561 officio

125 595 284 657 continere
314 612 376 653 non
399 594 532 671 valeret,
560 593 708 672 principis
730 592 852 673 justitia
874 596 1054 654 coerceret.

126 689 177 751 Sic
199 687 305 766 aliqua
326 690 461 747 externa
488 687 672 765 episcopalis
688 685 913 765 jurisdictionis
942 686 1057 746 chore-

125 780 259 861 piscopis
289 779 404 840 collata
431 781 478 839 est
501 779 691 858 antiquitusr,
720 798 791 858 quae
809 778 902 839 hodie
927 779 1057 839 vicariis

125 872 261 935 foraneis
276 873 461 952 ¹gerendam
476 872 689 950 committitur,
709 876 744 934 ut
758 891 870 950 nempe
884 873 916 932 in
931 871 1059 951 oppidis

126 969 157 1028 et
171 967 202 1026 in
220 965 309 1045 pagis
325 966 535 1045 principatum
551 965 687 1043 episcopi
701 965 805 1045 aliquo
825 966 918 1026 modo
938 983 1061 1044 repra-

127 1062 296 1121 scntarcnt.
312 1060 447 1119 Paterna
463 1061 569 1118 autem
591 1058 760 1119 auctoritas
777 1058 922 1137 delegata
939 1062 986 1118 est
1001 1076 1060 1135 pa-

127 1151 241 1226 rochis,
266 1149 317 1230 qui
351 1169 434 1211 curae
459 1153 490 1210 et
516 1151 608 1211 saluti
644 1150 822 1211 animarum
845 1150 1056 1212 consulerent.

127 1244 246 1322 Duplex
264 1241 359 1320 igitur
374 1242 432 1304 erit
444 1244 511 1304 haec
532 1242 675 1304 tractatio
693 1243 725 1303 in
747 1261 824 1322 qua,
842 1245 871 1304 t⁰
886 1243 924 1302 de
946 1243 1062 1302 chore-

127 1335 262 1416 piscopis
288 1339 319 1398 et
337 1335 461 1396 vicariis
482 1335 633 1412 foraneis‚
659 1339 817 1415 postremo
847 1337 886 1396 de
909 1334 1058 1414 parochis

128 1449 268 1510 agemus.

361 1591 379 1629 Ι.
393 1589 423 1628 De
437 1588 592 1637 chorepiscople
603 1591 625 1628 st
634 1588 718 1628 clearllr
727 1587 823 1627 turonen.

169 1711 248 1769 Cum
269 1707 419 1767 dioeceses
433 1706 621 1786 generaliter
634 1705 792 1786 loquendo
804 1704 836 1764 in
852 1706 942 1784 plura
954 1706 1064 1767 vicina

130 1800 247 1879 oppida
260 1799 310 1860 vel
330 1799 480 1861 suburbia
499 1818 566 1860 sese
585 1799 790 1879 protendunt,
812 1816 875 1858 non
889 1801 1063 1876 potuerunt

129 1890 268 1970 ‘episcopi
292 1892 323 1950 in
339 1891 477 1951 ecclesiis
499 1891 729 1952 cathedralibus
750 1891 936 1968 residentes,
952 1887 1008 1968 p'er
1024 1911 1061 1952 se

130 1982 308 2043 immediate
335 1982 496 2043 consulere
525 1984 669 2044 omnibus
696 1983 827 2064 negotiis
854 1983 1058 2060 dioecesanis,

130 2076 303 2154 praesertim
325 2074 361 2134 iis
378 2093 447 2154 quae
467 2075 499 2134 iu
521 2075 597 2136 locis
621 2077 840 2138 remotioribus
859 2076 1056 2138 eveniebant.

130 2168 219 2230 Unde
238 2170 440 2245 prototypum
454 2167 577 2246 sequuti
592 2169 737 2230 Ecclesiae
753 2168 952 2245 universalis,
969 2168 1061 2248 cujus

131 2263 238 2338 pastor
260 2277 424 2336 supremus
443 2260 562 2338 legatos
581 2261 631 2320 vel
645 2261 780 2322 vicarios
800 2279 872 2321 suos
890 2261 1000 2338 mittit,
1024 2265 1063 2322 ut

130 2370 187 2430 per
202 2369 255 2412 eos
269 2351 401 2431 negotiis
417 2352 557 2413 consulat
576 2353 688 2433 quihus
702 2353 870 2433 praesentia
884 2371 941 2414 sua
954 2353 1062 2432 provi-

131 2444 206 2505 dere
216 2443 335 2524 nequit,
348 2443 405 2522 ipsi
415 2463 539 2525 quoque
551 2445 583 2504 in
595 2446 733 2507 ecclesiis
742 2446 898 2507 ruralibus
907 2445 1061 2525 quosdam

131 2538 360 2599 constituerunt
372 2537 504 2600 vicarios
519 2557 592 2599 suos
605 2538 657 2618 qui
673 2539 887 2618 chorepiscopi
901 2539 973 2600 dicti
988 2543 1062 2602 sunt

132 2631 199 2711 (ano
212 2653 261 2691 rou
274 2629 393 2712 χωρου),
406 2631 494 2710 quasi
510 2631 645 2709 episcopi
659 2631 789 2692 rurales

171 2728 337 2787 Decertant
365 2723 415 2782 hie
437 2722 605 2784 canonistae
629 2723 660 2783 in
684 2723 923 2786 determinando
951 2723 1060 2785 ordine
1147 2708 1151 2713 ’

132 2817 320 2894 competenti
336 2815 408 2874 huic
423 2814 535 2892 gradui
546 2816 748 2878 auctoritatis
766 2819 845 2877 Nam
858 2837 954 2897 quum
967 2817 1061 2879 vidis-

132 2912 201 2970 sent
224 2907 391 2986 aliquando
410 2905 471 2966 illis
493 2907 622 2968 concedi
643 2909 795 2987 quasdam
813 2910 989 2971 functiones
1010 2928 1061 2970 or-

131 3001 212 3063 dinis
221 2998 580 3079 episcopaliS‚aliquihus
588 3001 1060 3078 prohiberi,dixeruntnonnulli

132 3093 293 3172 episcopos
315 3109 368 3151 eos
383 3090 495 3167 fuisse,
517 3091 570 3152 alii
588 3093 743 3172 simplices
767 3096 979 3174 presbyteros,
997 3097 1061 3156 Nec

131 3185 300 3246 defuerunt
314 3183 367 3264 qui
379 3182 518 3244 medium
529 3185 671 3246 ordinem
683 3186 764 3248 inter
781 3192 948 3268 utrumque
964 3189 1062 3249 confi-

130 3280 253 3338 xerunt.
263 3277 370 3338 Sedlis
381 3277 630 3355 compositaesse
641 3279 968 3342 videturaBeuedicto
977 3283 1058 3358 XIV,

83 3445 84 3448 Ἴ
132 3369 170 3430 de
189 3388 257 3447 syn.
280 3370 406 3431 dioeces.
428 3370 449 3430 l.
466 3372 500 3446 3,
527 3390 595 3450 cap.
616 3375 645 3450 3,
670 3373 722 3454 qui
742 3373 903 3436 constituit
918 3373 1061 3434 ordinem

131 3462 204 3524 huic
225 3462 337 3540 gradui
353 3463 582 3539 competentem
604 3465 761 3534 ordinario
783 3465 877 3526 fuisse
897 3466 1062 3544 presbyte-
