2514 4014
338 275 447 324 noema
475 275 627 324 sacellus
647 275 729 324 touls
751 275 906 324 canonico
1049 263 1088 326 53

151 419 308 502 cipalibus
331 421 453 499 causis,
485 439 554 502 quae
585 440 697 500 nempe
729 420 828 502 ipsam
861 421 1089 502 rempublicam

152 515 317 592 afficiunt,
349 515 389 575 de
422 514 536 594 quibus
562 515 612 576 vel
642 515 674 574 in
701 514 858 575 ordinario
884 514 1090 576 cardinalium

153 609 355 685 consistorio,
367 609 417 670 vel
442 608 474 668 in
502 611 657 669 conventu
682 608 815 669 aliorum
833 611 993 686 pastorum
1013 607 1091 670 deli-

152 703 402 776 heratostenes
417 719 527 762 causas
548 701 681 762 aliorum
706 701 874 780 cognitioni
899 701 1089 762 demandare

153 795 255 872 solet,
271 794 422 856 institutis
442 794 629 873 quibusdam
647 792 873 871 tribunalibus,
889 813 958 874 quae
983 813 1089 874 supre-

153 907 242 948 mam
264 887 424 948 Pontifieis
436 887 561 948 Maximi
578 887 777 967 judiciariam
800 887 1016 948 auctoritatem
1042 907 1089 948 re·

154 983 368 1060 praesentent3
386 980 520 1059 ideoque
542 980 626 1060 quod
651 980 766 1040 abillis
788 979 965 1060 judicatum
979 979 1087 1055 fuerit,

153 1079 310 1154 tanquam
338 1073 467 1151 abipso
499 1077 639 1135 Romano
662 1073 811 1136 Pontillce
829 1072 1005 1154 judicatum
1032 1073 1089 1136 ba·

154 1167 281 1229 beatur.

197 1261 318 1322 Horum
330 1260 535 1322 tribunalium
545 1280 696 1340 responsa
708 1263 828 1322 tantam
838 1260 949 1342 injure
959 1264 1090 1340 possunt

156 1353 321 1433 acquirere
343 1353 572 1431 auctoritatem,
586 1357 620 1415 ut
634 1357 785 1434 tanquam
800 1354 1015 1434 expressiones
1037 1372 1090 1416 vo·

156 1447 288 1508 luntatis
302 1446 453 1525 principis
469 1465 537 1507 esse
549 1447 726 1508 videantur.

197 1542 244 1600 De
258 1539 372 1600 horum
387 1539 591 1600 tribunalium
610 1541 774 1619 speciebus
787 1541 906 1620 primo,
922 1540 1035 1601 deinde
1050 1540 1090 1601 de

157 1633 286 1708 valore,
318 1650 412 1711 quem
438 1631 564 1713 injure
590 1633 733 1694 obtinent
759 1651 869 1694 eorum
894 1632 1088 1709 deciduum,

156 1726 296 1788 breviter
306 1725 506 1788 disseremus

378 1878 392 1917 1.
405 1878 434 1917 De
444 1877 553 1926 spectetur
560 1887 712 1928 supremorum
722 1877 876 1919 lelbanallam.

196 2002 233 2062 Il.
245 2003 313 2061 Duo
329 2003 402 2060 sunt
414 2019 531 2078 genera
543 2019 762 2080 supremorum
779 2000 1090 2063 tribunaliumeccle-

157 2093 355 2156 siasticorum
366 2114 372 2154 ε
383 2094 517 2154 alterum
530 2096 728 2157 constituitur
737 2114 794 2174 per
808 2094 987 2155 auditorium
1000 2111 1092 2154 coerce

158 2189 254 2264 flete,
272 2188 408 2248 alterum
420 2188 613 2250 constituunt
624 2189 730 2267 plures
747 2188 984 2269 congregationes
1002 2189 1033 2248 S.
1052 2189 1088 2248 R.

157 2281 304 2344 Ecclesia
323 2281 540 2343 cardinalium.
569 2283 711 2343 Breviter
733 2282 772 2343 de
792 2286 925 2362 utroque
949 2281 1092 2344 tribuna-

157 2376 234 2437 lium
249 2393 367 2453 gcnere
382 2374 556 2455 loquemur.

198 2471 231 2529 l⁰
252 2469 323 2528 Jem
346 2467 400 2527 diu
418 2467 458 2528 ab
480 2467 664 2547 antiquitate
681 2471 911 2530 consueverunt
925 2467 1091 2530 Pontifices

157 2560 284 2624 Maximi
313 2559 450 2638 plurium
476 2561 711 2639 capellanorum
733 2580 791 2640 ope
805 2561 948 2642 adjuvari
963 2561 995 2620 in
1017 2560 1092 2620 defi·

158 2652 280 2714 niendis
291 2651 328 2712 iis
336 2652 556 2714 controversiis
566 2672 643 2733 quas
652 2673 740 2715 sacro
755 2653 961 2715 cardinalium
974 2651 1091 2713 eonsis-

158 2746 238 2808 torio
254 2763 316 2806 non
335 2746 549 2807 reservabant.
567 2745 666 2827 Hujus
685 2747 770 2808 modi
787 2745 939 2826 capellani
957 2764 1091 2826 quorum

159 2859 307 2900 numerus
322 2842 391 2901 erat
402 2839 671 2917 indeterminatus,
685 2859 797 2920 nempe
814 2841 855 2901 ad
872 2840 995 2902 libitum
1010 2843 1092 2901 Pon-

159 2934 259 3011 liceis,
280 2933 396 3013 quique
416 2953 453 2992 ex
472 2933 616 2994 omnibus
641 2933 725 2995 orbis
747 2934 892 2996 catholici
912 2933 1092 2994 nationibus

160 3027 355 3107 eligebantur
365 3027 406 3087 ad
419 3027 479 3087 hoc
492 3030 526 3088 ut
535 3025 574 3086 de
590 3026 784 3106 singulorum
796 3029 937 3089 locorum
951 3025 1092 3086 moribus

160 3120 301 3181 Pontifex
324 3119 435 3180 instrui
462 3120 596 3196 valeret,
631 3121 816 3182 dicebantur
845 3119 991 3180 auditores
1016 3119 1095 3181 socri

154 3213 265 3294 palatii
280 3212 447 3294 apostolici,
463 3231 501 3273 ex
515 3231 551 3273 eo
566 3213 651 3292 quod
666 3213 715 3274 isti
736 3213 904 3293 capellani,
922 3217 1092 3294 antequam

161 3325 269 3368 causas
284 3306 343 3367 sibi
357 3306 538 3368 commissas
552 3307 693 3368 Pontifici
714 3308 878 3385 referrent,
902 3308 1009 3390 illique
1031 3310 1092 3370 suf-

159 3401 295 3481 fragium
317 3404 350 3460 ct
378 3400 542 3462 eonsilium
567 3419 658 3460 suum
684 3401 873 3481 preberent,
899 3402 983 3482 ipsas
1009 3403 1092 3463 intra

160 3493 267 3576 palatii
287 3493 450 3582 apostolici
473 3493 557 3555 aedes
579 3493 689 3554 audire
711 3494 854 3558 solebant
874 3499 989 3576 partes.
1016 3495 1091 3556 lude
