2484 4016
355 359 394 407 nn
416 359 545 408 onisoro
565 361 648 410 suus
673 360 830 409 ennonnu.
999 343 1056 410 327

167 504 352 586 Multiplices
375 505 502 568 fuerunt
526 506 706 587 hujusmodi
731 507 872 585 ordines,
902 511 934 570 et
956 526 976 569 a
999 525 1059 570 see-

129 601 196 664 oule
216 601 273 661 ΧΙο
290 599 331 661 ad
350 600 513 680 sequentia
527 601 643 663 seeoula
663 601 721 662 sub
743 601 874 663 diversis
889 601 1056 680 institutis,

109 755 114 766 ,
129 693 300 756 seeundum
324 692 449 754 diversa
462 712 562 773 regna
579 694 755 774 propagati.
772 697 841 758 Une
861 698 966 757 eutem
987 695 1057 774 plus

128 789 230 848 minus
242 785 301 847 fuit
315 804 411 847 eausa
424 787 565 847 omnium
579 789 754 848 eommunis
769 809 775 849 :
791 790 965 850 Turoarum
982 789 1059 849 sub-

127 880 225 954 aetio;
253 877 388 958 ideoque
424 883 599 964 postquam,
621 879 880 942 Mahumetismus
911 881 1058 942 subactus

127 978 182 1050 est,
199 972 251 1034 vel
265 972 376 1032 saltem
388 989 451 1032 nou
466 973 600 1051 emplius
615 973 831 1036 formidandus
846 973 972 1051 exstitit,
988 978 1059 1036 tan-

11 1083 12 1152 }
126 1085 221 1147 quam
229 1064 378 1126 missione
388 1064 569 1144 adimpleta,
584 1066 764 1148 hujusmodi
780 1067 905 1128 ordines
915 1067 1058 1129 exstiuoti

88 1241 90 1248 γ
125 1163 207 1236 sunt,
220 1158 269 1221 vel
280 1158 392 1218 saltem
401 1158 597 1221 retinuerunt
606 1159 766 1240 equestria
777 1160 895 1222 ordinis
906 1160 1052 1240 iusignia,

11 1265 12 1286 ³
123 1255 275 1331 tanquam
298 1250 461 1312 vetustatis
487 1256 727 1315 monumentum
748 1259 780 1313 et
807 1251 1054 1315 honorificentia

123 1344 311 1406 institutum.
338 1343 456 1406 Verum
484 1345 662 1423 exemplum
687 1345 800 1406 harum
825 1346 1057 1408 institutionum
1087 1363 1089 1366 ·

27 1454 29 1460 ·
98 1447 102 1455 '
122 1437 200 1500 vivit
213 1435 318 1497 adhue
329 1435 361 1496 in
373 1429 572 1514 posterorum
585 1437 748 1515 memoria,
763 1441 823 1500 ete.

160 1532 238 1590 Tres
256 1528 383 1591 fuerunt
403 1529 588 1592 vetustiores
614 1533 645 1591 et
661 1531 813 1611 praeeipui
826 1531 910 1593 inter
927 1531 985 1591 hos
1006 1548 1058 1592 or-

121 1621 211 1684 dines
226 1642 233 1683 :
250 1624 293 1682 1⁰·
311 1621 388 1683 ordo
408 1623 560 1702 equestris
575 1623 875 1702 Hospitalariorum,
898 1643 953 1686 seu
968 1623 1057 1704 equi-

121 1721 189 1779 tum
204 1714 305 1776 saneti
321 1715 451 1778 loannis
465 1715 613 1794 Baptista
625 1716 911 1796 hierosolymiten13
923 1721 967 1779 ΞΝ
979 1717 1056 1778 ordo

119 1807 390 1888 Templariorum3
407 1809 539 1870 3¹¹¹ordo
562 1809 703 1889 equitum
717 1810 978 1888 Teutonioorum,
998 1829 1056 1871 seu

119 1905 239 1964 sanetae
250 1901 357 1963 Maria
369 1901 562 1965 Teutonieae.

37 1987 39 1992 ’
159 1995 245 2058 XIII.
258 1991 337 2055 Ordo
347 1993 618 2075 Hospiteloriorum
633 1995 776 2057 conditus
786 1995 882 2056 fuisse
897 1995 1055 2058 videtura

116 2085 278 2150 nonnullis
301 2087 540 2165 mercatoribus,
556 2088 611 2168 qui
634 2088 766 2168 profecti
784 2088 1053 2168 Hierosolymam,

116 2179 331 2261 impetrarunt
346 2199 365 2241 a
382 2179 484 2242 ealiffo
504 2181 553 2242 oui
576 2181 880 2262 tuneHierosol·yma
898 2185 966 2244 eret
984 2183 1056 2245 sub-

116 2273 246 2351 dite‚ut
260 2272 588 2352 hospitalem‘domum
602 2292 660 2354 pro
675 2275 866 2354 pauperibus
880 2279 912 2337 et
925 2275 1057 2337 infirmis

114 2364 296 2448 peregrinis
324 2365 458 2428 fundare
486 2369 623 2446 possent.
654 2367 730 2428 Inde
758 2367 958 2446 Hospitalarii
982 2368 1058 2429 dieti

113 2462 212 2533 sunt;
230 2461 262 2520 et
281 2476 354 2520 oum
367 2459 479 2520 domus
503 2459 666 2538 hospitalis
681 2462 839 2538 eustrueta
859 2463 942 2522 esset
957 2478 1055 2540 prope

113 2551 285 2616 ecelesiam
310 2552 408 2614 saneti
435 2553 564 2616 loannis
591 2553 741 2632 Raptistae
764 2551 1051 2632 hierosolymitani,

113 2645 194 2708 dieti
218 2644 314 2707 etiam
336 2645 463 2707 suerunt
484 2645 605 2726 equites
629 2645 727 2708 saneti
751 2646 881 2710 ioannis
904 2645 1052 2729 Baptistae

114 2737 399 2817 hierosolymitani.

10 2843 11 2856 ¹
154 2828 249 2893 Initio
264 2829 358 2912 hujus
372 2830 584 2911 institutionis,
602 2833 679 2896 ordo
691 2833 815 2895 hicnon
829 2837 970 2896 erut-nee
981 2833 1052 2896 reii-

10 2969 11 2990 i
112 2924 226 3007 gissus
240 2941 298 2986 neo
312 2923 465 3002 militaris,
473 2924 529 2987 sed
539 2925 671 3006 simplex
691 2925 873 2989 sodalitium
884 2928 1048 3006 laieorum,
1115 2949 1117 2954 ¹

112 3012 266 3099 operibus
294 3017 432 3080 ueritatis
464 3019 646 3080 exercendis
663 3014 847 3082 addietum.
876 3020 940 3082 Sed
963 3024 1052 3099 post-

112 3127 216 3193 quam
236 3109 331 3171 armis
346 3128 439 3172 omae
454 3107 649 3190 signatorum
662 3115 755 3192 eapte
769 3115 816 3174 est
836 3111 1047 3192 Hierusalem,

111 3219 391 3282 novumregnum
416 3203 745 3284 hierosolymitanum,
769 3204 848 3266 duee
871 3204 1049 3267 Godofredo

109 3295 291 3372 Bulliones,
305 3294 364 3356 fuit
372 3293 559 3374 institutum,
570 3297 610 3357 ad
620 3298 715 3358 finem
729 3297 834 3360 saeculi
847 3297 900 3376 xl,
913 3297 1049 3360 ordohi'e

111 3387 205 3452 brevi
217 3387 381 3468 religiosus
400 3391 432 3450 et
442 3387 586 3451 militaris
604 3389 713 3467 evasit,
730 3389 886 3471 siquidem
898 3409 935 3452 eo
949 3391 1048 3452 ferme

109 3484 258 3560 tempore
282 3479 382 3561 (4199)
397 3481 459 3544 trie
472 3485 546 3543 vote
558 3480 712 3545 solemnia
733 3482 895 3562 eastitatis,
912 3502 1049 3563 pauper-

110 3571 188 3669 tatis
199 3572 429 3640 tet-obedientia
441 3573 622 3661 hujusmodi
632 3574 769 3660 religiosi
784 3577 938 3662 eareat,
953 3593 1049 3668 regu·
