2514 4014
346 283 454 354 roan
476 306 627 352 serenus
648 306 731 353 soors
753 305 907 354 ιιιιοιιιιι.
1056 297 1095 358 55

154 468 268 528 prema
293 447 465 510 tribunalia
486 449 517 508 in
538 449 648 510 ordine
671 450 869 530 negotiorum
895 455 1092 532 reputantur.

198 545 305 604 Unum
329 546 436 602 autem
465 541 533 602 aliis
562 543 724 621 praecellit,
752 545 954 624 congregatio
982 564 1094 625 nempe

156 636 293 712 concilii,
325 654 381 695 seu
404 635 610 714 interpretum
642 637 723 696 sacri
755 637 876 697 concilii
909 639 1092 716 Tridentini,

157 729 315 808 siquidem
335 726 379 787 illi
404 745 466 788 non
489 732 611 790 tantum
633 729 830 808 negotiorum
853 730 1092 809 administratio,

156 841 216 882 nec
235 825 360 883 tantum
373 819 536 900 judicandi
553 822 692 882 defertur
705 823 848 900 facultas,
871 824 926 884 sed
945 828 977 885 et
993 825 1094 903 ipsam

152 915 207 995 jus
227 913 470 993 interpretandi,
488 915 629 975 consulto
644 915 804 992 Pontifice,
822 916 957 978 obtinuit
967 919 1095 995 provin-

158 1008 250 1069 ciam.
285 1007 376 1068 Unde
409 1006 476 1086 ejus
510 1007 684 1068 decisiones
720 1008 854 1068 aliorum
891 1009 1094 1072 tribunalium

157 1119 381 1190 supremorum
394 1099 604 1161 decisionibus
619 1105 768 1179 prestare
783 1101 940 1164 videntur.

272 1251 302 1292 11.
317 1253 349 1291 De
361 1251 384 1290 vl
395 1259 432 1290 seu
444 1249 520 1290 valore
528 1259 592 1299 quom
600 1249 698 1291 otttnent
707 1249 854 1290 trttunallum
862 1251 985 1293 αισιιιοιιιι,

199 1374 251 1433 lV.
269 1371 447 1432 Theorema
465 1371 635 1449 generale:
657 1370 821 1431 Bactrianos
845 1389 937 1431 soeror
957 1371 1043 1433 Ilctce
1064 1383 1094 1434 et

159 1463 347 1524 resolutiones
368 1463 494 1523 oliorum
513 1483 586 1524 rom
606 1471 763 1544 congregat
765 1464 862 1524 ionum
881 1463 915 1524 de
933 1483 962 1524 se
979 1464 1095 1543 fuciunt

153 1557 207 1637 jus
216 1565 292 1637 port
293 1557 340 1616 ica
343 1557 421 1632 l;ore
438 1575 495 1668 per
515 1556 664 1618 occidens
651 1565 760 1618 autem
781 1565 904 1636 possunt
929 1556 1062 1636 foccre'
1042 1579 1096 1637 Jus

161 1650 334 1711 uanoersole

202 1743 291 1804 Ratio
302 1742 414 1823 primae
423 1742 522 1822 portis
534 1744 679 1828 estquod
699 1745 813 1803 natura
831 1699 944 1802 harum
966 1741 1095 1804 decisio·

162 1854 237 1896 num
265 1854 321 1896 seu
348 1835 474 1895 resolut'
453 1839 574 1896 tronum
600 1835 678 1895 nihil
706 1835 792 1895 aliud
815 1839 862 1896 est
892 1833 950 1894 nisi
982 1837 1095 1896 natura

157 1927 301 2008 judicati.
330 1927 425 2007 Atqui
456 1927 610 1988 sentenia
634 1927 808 2007 judicialis,
838 1945 901 2007 qua
924 1927 1005 2004 talis,
1033 1947 1096 1988 non

160 2021 324 2099 egreditur
348 2019 462 2082 limites
490 2021 572 2081 illius
599 2020 818 2082 controversiae
847 2039 903 2100 pro
934 2040 997 2100 qua
1025 2021 1098 2081 diri·

161 2114 353 2174 mendalata
373 2117 429 2174 est.
451 2104 533 2192 Er'go
553 2114 601 2174 ha
624 2113 797 2174 decisiones
818 2129 874 2174 seu
893 2113 1098 2175 resolutiones

161 2225 224 2268 non
242 2206 363 2266 faciunt
384 2206 442 2266 nisi
457 2207 509 2286 jus
535 2204 736 2284 particulare,
760 2206 861 2266 idt
813 2209 861 2268 est
876 2205 929 2285 jus
958 2205 1097 2266 decisum

161 2297 245 2359 inter
259 2301 364 2377 partes
378 2301 612 2360 contendentes

201 2393 292 2452 Ratio
314 2391 446 2452 secunde
457 2403 532 2472 port
534 2392 558 2452 is
520 2395 635 2453 ttres
653 2411 743 2452 casus
759 2391 923 2470 complecti
914 2395 994 2453 1:tur
1013 2394 1043 2452 ι0
1059 2389 1095 2466 si,

163 2485 677 2562 RomanoPontificeconsultth
632 2504 664 2544 m
665 2489 802 2564 terprete
803 2485 1095 2564 turjuscommuno,

163 2577 248 2656 quod
271 2577 469 2655 potissimum
495 2578 645 2638 obtinet
636 2597 669 2638 ιιι
695 2577 939 2656 congregatione
962 2575 1095 2652 concilii,

164 2673 238 2730 tnnc
253 2689 325 2730 cum
339 2670 554 2749 interpretatio
570 2670 650 2751 J'uris
665 2670 850 2732 naturaliter
872 2670 912 2729 ad
927 2669 979 2748 jus
994 2668 1097 2747 ipsum

164 2762 328 2839 referatur,
359 2763 586 2842 interpretatio,
622 2763 667 2824 sio
693 2763 813 2840 habita,
838 2763 883 2824 ita
908 2762 993 2824 valet
1018 2761 1098 2823 sieut

164 2854 378 2933 interpretatio
395 2856 434 2916 ab
449 2856 516 2935 ipso
529 2856 679 2917 Pontifice
695 2859 836 2918 Romano
849 2859 986 2935 peracta.

204 2951 234 3006 2⁰
250 2948 282 3008 Si
296 2947 368 3010 talis
386 2948 534 3010 resolutio
552 2948 691 3010 continet
710 2949 946 3028 dispositionem
968 2968 1097 3028 genera-

165 3039 338 3118 lemque,
361 3042 450 3121 Rom.
473 3040 624 3102 Pontidce
647 3042 799 3118 consulto,
818 3043 957 3122 legitime
978 3060 1016 3102 ac
1038 3061 1097 3120 pu-

168 3131 247 3192 blice
272 3133 510 3212 promulgetur:
529 3135 612 3214 quod
627 3153 690 3194 non
711 3138 833 3196 tantum
854 3135 894 3194 de
916 3137 948 3196 S.
974 3134 1095 3196 concilii

167 3225 420 3307 congregatione,
441 3226 496 3286 sed
516 3229 547 3288 et
563 3226 602 3288 de
618 3226 686 3287 aliis
701 3245 780 3288 rom.
801 3228 1096 3307 congregationibus

167 3315 225 3377 dici
243 3320 356 3397 potest.
590 3311 593 3315 ⁸
686 3339 689 3342 ·

205 3413 235 3472 3⁰
265 3411 297 3472 Si
324 3411 430 3490 plures
453 3416 641 3473 concurrant
670 3413 842 3478 decisiones
872 3416 902 3476 S.
936 3418 1024 3476 Rota
1045 3413 1096 3474 vel

169 3501 300 3566 aliarum
322 3505 613 3585 congregationum,
630 3523 700 3584 quae
716 3501 843 3586 quidem
857 3526 914 3587 pro
929 3503 1095 3586 peculiari-
