2512 4012
397 281 437 334 oe
459 279 587 336 obsecro
607 281 690 336 rents
712 281 867 336 csnourct.
1042 271 1098 336 all

168 451 204 510 ut
219 448 371 525 omnium,
387 446 549 510 moraliter
562 445 732 527 loquendo,
749 445 963 506 membrorum
980 443 1102 524 collegii

167 540 314 601 voluntas
327 539 360 599 in
370 555 467 601 unam
481 539 588 600 veniat
600 538 870 615 deliberationem,
882 537 914 596 in
925 555 1022 598 unam
1030 555 1102 598 con-

167 634 276 693 veniat
288 633 495 709 voluntatem,
520 649 589 711 quae
602 650 676 692 vere
692 637 724 692 et
737 631 863 709 proprie
887 631 1032 692 voluntas
1055 636 1104 692 to-

167 725 231 786 tius
254 724 379 804 collegii
401 743 456 784 seu
480 722 577 802 ipsius
601 740 743 802 personae
762 722 890 783 moralis
910 722 972 783 dici
991 724 1100 801 possit.

168 819 275 890 Quum
289 821 396 878 autem
406 817 474 876 baec
488 815 620 895 collegia
632 835 694 876 non
707 815 769 876 sint
785 815 926 876 instituta
941 830 1100 895 ακεφαλα,

167 910 227 971 sed
251 910 390 972 habeant
410 927 501 970 suum
528 911 621 985 caput
638 907 723 987 quod
739 908 870 985 collegio
886 916 1011 986 praeest,
1034 910 1102 971 haec

168 1002 276 1064 unitas
297 1002 506 1077 voluntatum,
524 1000 719 1062 cohaerenter
738 999 779 1059 ad
794 999 875 1060 banc
900 999 1104 1080 collegiorum

166 1096 318 1172 formam,
342 1094 500 1155 obtinetur
514 1111 572 1172 per
593 1091 857 1170 conspirationem
878 1111 934 1153 seu
949 1092 1104 1155 fusionem

168 1189 313 1250 omnium
338 1187 534 1248 voluntatum
558 1185 590 1246 in
613 1185 773 1246 voluntate
793 1185 874 1247 illius
898 1186 951 1266 qui
971 1187 1103 1267 collegio

167 1279 330 1359 praesidet.

132 1439 135 1442 ,
213 1375 279 1435 Hoc
291 1377 397 1434 autem
409 1372 575 1451 dupliciter
586 1371 741 1434 verificari
756 1374 870 1450 potest,
880 1371 1042 1432 videlicet:
1055 1374 1105 1433 vel

167 1465 374 1527 habitualiter
388 1472 419 1526 et
439 1465 608 1542 ordinario,
626 1466 676 1527 vel
691 1471 778 1527 extra
792 1464 935 1525 ordinem
955 1466 986 1526 et
1001 1469 1104 1526 actua-

166 1559 252 1620 liter.
267 1557 470 1618 Hoditcolitcr
483 1565 512 1618 et
525 1557 675 1618 ordinario
690 1555 907 1618 servaturhaeo
920 1557 1099 1635 concordia,

167 1652 241 1712 haec
255 1651 357 1710 unitas
369 1651 565 1711 voluntatum
574 1668 632 1729 per
645 1649 872 1730 subjectionem
884 1667 978 1728 quam
987 1648 1100 1730 singuli

167 1745 212 1806 de
224 1743 354 1822 collegio
364 1743 484 1804 habent
494 1746 525 1804 et
537 1749 663 1804 servant
675 1759 751 1822 erga
762 1744 857 1820 caput
865 1742 915 1802 vel
927 1741 1100 1820 principem

167 1854 281 1913 suum,
306 1835 383 1896 adeo
408 1841 453 1913 ut,
474 1835 548 1897 licet
570 1835 705 1897 invicem
727 1833 863 1911 discreti,
884 1833 1015 1914 singulis
1036 1835 1100 1896 suis

168 1928 381 2009 peculiaribus
407 1928 591 1990 incumbant
606 1928 730 2005 officiis,
750 1931 855 1989 tamen
878 1927 917 1988 ob
941 1927 1100 1990 vinculum

168 2021 373 2102 subjectionis
388 2039 449 2101 quo
467 2021 499 2082 id
516 2026 614 2101 agunt
634 2023 692 2082 sub
707 2021 854 2101 principis
870 2021 1038 2082 voluntatis
1056 2021 1101 2081 in-

168 2117 268 2191 fluxu,
287 2113 426 2174 omnium
438 2132 502 2174 una
514 2114 554 2176 sit
567 2114 713 2176 voluntas
726 2132 783 2192 pro
798 2112 1004 2176 penetotius.
1092 2125 1095 2132 ’

212 2205 398 2284 ltaproinde
408 2205 637 2284 episcopi,licet
646 2204 761 2285 singuli
769 2204 833 2266 suis
843 2205 1030 2268 dioecesibus
1041 2206 1101 2268 dis-

169 2289 256 2379 persi
272 2298 446 2375 intendant,
455 2301 562 2359 tamen
574 2299 605 2358 in
617 2302 769 2380 quantum
781 2298 996 2377 dependenter
1010 2318 1028 2359 a
1043 2302 1101 2362 Rc·

169 2410 266 2453 mano
289 2391 454 2468 Pantitae,
483 2395 605 2454 servato
627 2409 739 2468 nempe
759 2391 868 2451 ordine
890 2409 962 2452 cum
976 2397 1101 2470 pastore

170 2485 324 2564 principe,
340 2485 544 2546 moderantur
554 2487 676 2562 partem
686 2482 781 2544 totius
789 2483 947 2559 Ecclesiae,
963 2485 1102 2545 omnium

171 2595 237 2638 una
251 2583 298 2638 est
311 2577 455 2638 voluntas
470 2595 525 2654 pre
540 2577 623 2637 bono
642 2575 737 2638 totius
751 2575 909 2651 Ecclesiae,
929 2593 1100 2657 omnesque

171 2670 278 2750 aliquo
304 2689 398 2730 sensu
419 2669 599 2730 universam
620 2669 798 2749 gubernant
814 2667 997 2730 Ecclesiam.
1011 2670 1100 2731 Unde

172 2763 278 2824 aiebat
287 2763 478 2842 Cyprianus:
490 2765 577 2825 Unus
585 2767 631 2824 est
641 2763 839 2841 episcopatus
845 2761 961 2843 cujusa
971 2751 1102 2842 singulis

171 2856 204 2916 in
219 2856 352 2916 solidum
362 2873 435 2934 pars
448 2858 582 2916 tenetur.
596 2855 684 2918 Unde
700 2875 771 2916 cum
794 2856 907 2935 singuli
923 2856 1100 2935 gubernent

172 2952 306 3029 partem,
319 2951 576 3028 omnes‚propter
587 2947 739 3010 unitatem
752 2949 909 3026 Ecclesiae,
922 2949 954 3008 in
967 2949 1102 3010 solidum

172 3042 475 3121 gubernanttotum.
1199 3036 1204 3042 ’

213 3137 259 3196 lta
273 3138 304 3196 ct
316 3135 417 3195 clerus
434 3134 641 3211 dioeeesanus,
654 3134 727 3195 licet
740 3153 797 3215 per
809 3134 970 3196 dioecesim
985 3133 1102 3213 disper·

171 3246 226 3288 sus
253 3227 463 3306 peculiaribus
493 3227 654 3288 incumbat
684 3228 813 3306 officiis,
842 3231 948 3288 tamen
973 3232 1103 3312 propter

172 3339 269 3382 unam
296 3320 434 3399 episcopi
458 3321 667 3398 voluntatem,
693 3339 763 3399 quae
789 3320 820 3380 in
847 3335 955 3380 omnes
979 3319 1100 3398 influit,

172 3432 282 3476 omnes
304 3417 457 3492 tanquam
479 3431 576 3474 unum
591 3431 706 3492 corpus
732 3431 803 3474 cum
818 3412 964 3492 episcopo
980 3413 1102 3475 univer·

172 3524 241 3572 aem
254 3505 286 3569 in
300 3504 436 3568 solidum
446 3505 665 3570 administrant
679 3504 850 3570 dioecesim.

245 3627 309 3686 rou.
330 3630 348 3674 ι.
987 3616 1018 3682 14
1078 3595 1079 3598 Ἴ
