2512 4012
398 266 437 311 ou
458 265 587 314 caruero
607 265 689 312 suns
711 264 866 314 canonici.
1038 251 1099 323 223

152 411 252 470 retur
263 409 296 470 in
310 408 522 474 ecclesiastica
541 407 821 484 administratione,
838 427 919 470 uuus
940 408 1022 470 inter
1043 427 1098 472 eoa

154 502 283 563 electus
324 506 372 562 est
406 502 614 583 omnibusque
653 503 840 580 praefectus,
876 500 1097 564 archidiaconus

150 613 288 674 nempe,
306 595 359 674 qui
371 614 428 675 pro
443 614 573 656 munere
587 613 644 657 suo
653 598 735 658 esset
744 594 978 674 quodammodo
1002 614 1096 674 genc-

149 689 234 748 ralis
248 688 389 767 episcopi
402 689 548 750 vicarius

196 783 306 853 Quum
320 785 426 842 autem
447 781 508 844 hoc
526 780 695 844 vicariatus
713 799 829 842 munus
851 779 1094 844 archidiaconali

147 873 247 934 titulo
270 877 422 953 perpetuo
449 879 530 936 esset
551 874 715 952 adnexus,
741 873 814 934 inde
839 873 958 934 iactum
987 879 1034 936 est
1060 879 1095 940 ut

150 965 372 1027 archidiaconi
384 966 482 1030 habiti
498 971 571 1030 sunt
583 971 736 1047 tanquam
747 965 855 1029 otherii
870 966 1018 1046 penaeas
1029 967 1097 1028 noti

150 1077 390 1138 cpiscoporum.

197 1152 488 1215 Sedintumuerunt
497 1152 709 1215 archidiaconi
720 1153 758 1214 do
766 1156 854 1214 tanta
862 1153 1025 1232 dignitate,
1035 1171 1093 1216 nec

150 1249 281 1307 tantum
293 1244 567 1324 compresbyteris
582 1247 621 1307 dc
632 1245 869 1325 praeeminentia
890 1247 1091 1324 contendere,

150 1337 324 1400 sedetiam
342 1357 414 1415 cum
436 1337 589 1417 episcopis
604 1339 644 1399 de
666 1339 850 1402 auctoritate
870 1358 928 1400 sua
942 1339 1091 1401 dimicare

149 1431 213 1492 visi
225 1435 309 1493 sunt.
319 1431 409 1494 Unde
420 1436 715 1512 quumrespuerent
724 1430 997 1510 principiumillud
1007 1433 1091 1500 unde

150 1524 363 1602 proveniebat
374 1528 440 1586 tota
468 1525 639 1586 auotoritas
654 1525 756 1586 officio
777 1523 861 1604 quod
871 1524 1024 1603 gerebant
1037 1525 1091 1584 ad-

150 1636 247 1694 nexa,
265 1617 354 1696 quasi
370 1621 514 1680 recusato
538 1618 656 1678 lumine
681 1616 849 1698 episcopali
873 1617 959 1677 unde
982 1616 1036 1678 lux
1059 1621 1091 1682 et

151 1709 292 1789 dignitas
308 1709 340 1770 in
354 1709 424 1771 illos
441 1710 679 1796 refundebatur,
694 1710 745 1770 hio
758 1710 835 1775 ordo
851 1709 964 1773 collabi
979 1709 1087 1788 coepit,

150 1807 185 1865 et
205 1803 308 1882 primo
328 1803 456 1883 quidem
471 1804 504 1865 in
517 1804 646 1866 Oriente
661 1807 733 1866 ante
749 1803 907 1864 decimum
923 1803 1085 1878 saeculum,

151 1899 264 1974 postea
274 1895 306 1956 in
315 1897 493 1973 Occidente,
503 1897 617 1959 saeculo
627 1896 751 1958 circiter
761 1895 964 1972 duodecimo;
979 1899 1088 1974 postea

151 1988 305 2052 remansit
327 1989 455 2070 quidem
483 1989 591 2053 t‘tulus
610 2008 787 2070 nomenque
812 1989 1025 2051 archidiaconi
1055 1989 1087 2050 in

152 2081 388 2144 cathedralibus
404 2081 557 2156 ecclesiis;
570 2083 626 2144 scd
635 2082 810 2162 jurisdictio
822 2083 895 2146 huic
905 2085 1087 2162 competens

149 2171 241 2238 titulo
252 2174 419 2237 imminuta
428 2175 617 2254 omninoque
633 2177 770 2255 collapsa
784 2177 841 2240 est.

190 2269 329 2332 XXVIII.
352 2270 513 2330 Evacuata
535 2267 580 2330 sio
594 2269 888 2332 archidiaconorum
910 2271 1082 2348 potestate,

147 2379 213 2422 nou
228 2359 302 2420 inde
316 2364 422 2422 tamen
435 2364 597 2424 cessarunt
611 2361 718 2422 vicarii
734 2361 963 2440 episcoporum.
975 2363 1085 2427 Conci.-

148 2453 226 2514 lium
241 2469 378 2532 namque
395 2456 606 2516 Laterauenao
618 2456 695 2516 IVlm
712 2453 824 2532 (1215),
841 2457 876 2514 ut
889 2453 962 2514 huic
979 2455 1084 2533 provi-

149 2545 239 2610 deret
259 2545 413 2624 delectui,
432 2547 603 2610 admonere
625 2547 721 2625 eoepit
742 2545 915 2625 episcopos,
942 2549 976 2608 ut
997 2547 1022 2608 si
1042 2548 1082 2610 ad

147 2639 280 2702 ferenda
293 2639 464 2703 dioeceseos
480 2656 576 2701 onera
590 2658 647 2718 per
660 2659 693 2701 se
706 2658 770 2700 nou
784 2639 974 2716 sufficerent,
990 2640 1082 2700 coad-

143 2731 266 2812 jutores
282 2732 494 2794 eclerioorum
509 2736 593 2797 coetu
603 2733 765 2812 eligerent,
779 2731 831 2813 qui
847 2731 888 2795 ad
900 2729 1080 2812 hujusmodi

147 2825 256 2886 munia
271 2825 418 2886 obeunda
429 2825 534 2888 idonei
553 2825 803 2904 perhiberentur.
888 2871 896 2888 .
941 2901 944 2906 Ι

186 2919 264 2982 Inde
279 2919 419 2984 obtinere
445 2919 539 2997 coepit
561 2919 593 2982 iu
615 2919 827 2982 ecclesiastica
845 2919 1027 2997 disciplina,
1045 2923 1081 2980 ut

147 3011 277 3091 antiquo
299 3012 351 3072 illo
371 3011 615 3074 archidiaconali
638 3011 739 3074 officio
762 3012 964 3074 substitutum
985 3011 1079 3074 fuerit

103 3177 106 3184 ¹
145 3123 263 3167 munus
285 3105 448 3186 cujusdam
468 3105 576 3166 vicarii
602 3105 757 3184 generalis
779 3105 849 3184 qui,
875 3123 933 3182 per
955 3103 1077 3182 opposi-

144 3196 262 3262 tionem
290 3199 331 3262 ad
351 3198 622 3275 archidiaconum,
647 3217 741 3278 quem
766 3197 919 3260 ricarium
944 3214 1077 3274 genora-

143 3291 209 3354 lem·
241 3295 351 3353 natum
380 3289 533 3370 dixhuus,
559 3292 686 3354 vicarius
716 3289 860 3370 poneretis
884 3288 981 3369 foetas
1014 3289 1075 3353 dici

143 3388 260 3463 posset.
634 3399 635 3404 ’

185 3477 248 3539 Sed
268 3478 341 3541 licet
359 3476 571 3543 ecclesiastica
589 3477 753 3558 disciplina
773 3476 806 3537 in
829 3476 889 3541 hoc
909 3474 1076 3560 conveniat
