2512 4012
177 312 236 380 238
387 323 616 376 rusmrorronss
635 320 718 376 sonis
740 328 893 378 canonici.
929 339 930 344 ¹

178 480 299 538 beatur.
317 479 352 538 ln
373 475 472 538 altero
488 491 563 537 vero
584 490 679 552 casu,
697 474 736 536 de
752 475 824 557 jure
839 479 989 540 statutum
1004 481 1052 540 est
1074 480 1112 540 ut

177 569 259 632 inter
278 569 393 631 limites
412 567 570 648 parochiae
594 568 774 648 principalis
788 571 838 632 vel
852 570 1009 648 matricis,
1026 589 1113 634 nova

177 663 311 724 aediouia
331 671 421 722 saera
436 679 491 722 seu
513 661 684 741 pcrorhz'olo
699 661 856 742 erigatur,
881 663 930 724 cui
945 663 1111 726 distinctus

176 754 312 816 vicarius
327 755 483 834 parochus
498 755 690 833 destinetur,
706 755 758 836 qui
774 756 904 818 servatis
919 756 1111 835 quibusdam

177 847 394 927 dependentia
417 846 549 908 vinculis
565 860 641 926 erga
665 849 828 910 ecclesiam
849 849 1028 927 matricem,
1052 867 1110 911 seu

176 941 360 1021 parochiam
381 939 583 1020 primitivam,
607 945 678 1001 actu
699 945 789 1020 gerat
808 958 917 1002 curam
932 941 1110 1003 animarum

178 1051 253 1114 erga
267 1035 392 1113 plebem
409 1033 495 1093 illam
509 1049 566 1111 pro
582 1049 645 1112 qua
659 1032 727 1094 haec
741 1050 824 1094 nova
838 1038 943 1097 erecta
957 1039 1004 1096 cst
1017 1053 1109 1114 paro-

173 1128 290 1188 ·ohiola.
307 1125 365 1199 Qui
381 1125 454 1186 licet
466 1128 537 1186 actu
553 1128 643 1205 gerat
656 1141 765 1186 euram
775 1126 962 1206 animarum,
973 1127 1109 1189 vicarius

177 1223 283 1282 tumen
295 1221 505 1297 nuncupatur,
515 1221 645 1297 propter
656 1219 799 1279 ordinem
814 1236 908 1300 quem
920 1225 1026 1283 servat
1034 1239 1110 1300 erga

178 1312 342 1375 ecclesiam
358 1311 561 1391 primitivam,
577 1311 626 1372 oui
642 1313 752 1373 saltem
769 1312 878 1374 habitu
890 1314 993 1376 adhuc
1005 1313 1111 1376 couci-

176 1406 206 1485 pi
212 1409 262 1468 tur
276 1406 377 1466 inesse
391 1423 469 1466 oura
482 1404 682 1483 parochialis.

217 1495 369 1562 xxxvll.
392 1499 447 1560 ilis
469 1497 595 1577 positis,
618 1498 657 1558 de
678 1497 774 1560 variis
786 1497 899 1561 horum
918 1499 1110 1563 vicariorum

178 1593 342 1673 speciebus
354 1591 423 1653 haec
433 1605 602 1671 possumus
617 1591 760 1653 innuere.

218 1687 275 1750 Vel
286 1685 346 1765 ipsi
356 1685 464 1746 vicarii
476 1683 605 1764 parochi
619 1684 761 1764 perpetui
774 1688 859 1764 sunt,
874 1685 924 1748 val
934 1703 1021 1750 mere
1033 1692 1110 1752 tam-

177 1779 318 1860 porauoi.
331 1779 364 1841 Si
378 1779 525 1860 perperci,
542 1778 682 1857 ipsorum
697 1771 834 1840 officium
846 1795 959 1858 parum
971 1782 1021 1843 vel
1033 1781 1111 1842 nihil

179 1873 274 1934 distat
297 1872 337 1933 ab
353 1871 462 1933 officio
487 1868 714 1950 parochorum,
737 1872 869 1934 servatis
894 1876 1017 1935 tantum
1041 1874 1112 1955 qui-

178 1965 312 2027 busdam
336 1963 468 2025 vinculis
488 1964 705 2042 dependentia
729 1979 805 2044 erga
826 1966 1000 2044 parochum
1013 1982 1111 2046 penes

179 2077 273 2139 quem
287 2057 396 2120 habitu
405 2057 523 2118 residet
531 2069 607 2118 eura
617 2057 794 2118 animarum
807 2059 902 2138 (quod
912 2060 1111 2138 potissimum

178 2153 210 2213 in
226 2150 415 2231 quibasdam
436 2149 613 2212 honorariis
631 2150 755 2230 juribus
778 2151 969 2232 collocatur).
991 2153 1111 2214 bladam

174 2243 257 2325 jura,
268 2244 378 2304 eadem
389 2233 619 2304 officiahabent
632 2258 702 2323 quae
711 2244 853 2324 parochi.
868 2247 1038 2324 Propterea
1049 2246 1111 2306 illis

179 2335 366 2417 applicanda
380 2335 510 2398 veniunt
524 2350 594 2416 quse
610 2348 706 2414 'supra
723 2337 762 2397 de
777 2337 923 2416 parochis
938 2338 1108 2400 innuimus.

218 2430 251 2493 Si
272 2441 347 2493 r'e'ro
363 2429 556 2511 temporanei,
577 2429 833 2509 distinguendum
852 2435 899 2493 est
917 2449 957 2492 an
970 2431 1030 2510 ipsi
1052 2431 1111 2492 ha-

178 2524 461 2604 heaut'paruohum
475 2522 533 2584 sibi
555 2522 753 2601 superiorem
768 2523 817 2584 oui
832 2523 1039 2600 collaborant,
1059 2526 1111 2585 vol

176 2618 346 2697 ‘suppleant
364 2617 491 2679 omniuo
511 2615 668 2676 defectum
682 2617 822 2694 parochi.
849 2618 881 2678 Si
901 2617 1055 2696 primum,
1077 2617 1111 2677 id

180 2715 237 2787 est,
247 2710 273 2770 si
282 2717 371 2770 mere
383 2707 540 2770 substituti
552 2707 752 2770 inveniantur
760 2713 970 2788 'esse,tautum
980 2715 1112 2789 possunt

180 2805 333 2883 quantum
355 2802 430 2881 ipsis
453 2817 473 2862 a
496 2798 635 2880 parocho
659 2801 856 2864 commissam
880 2803 1030 2879 habetur;
1052 2822 1111 2864 nec

177 2895 287 2958 'vicarii
305 2894 436 2974 parochi
446 2894 521 2956 dicti
534 2898 617 2972 sunt,
631 2895 687 2956 sed
700 2895 905 2976 vioe-porceti.

219 2989 253 3052 Si
272 2990 423 3066 alierum,
446 2991 481 3049 ut
511 3001 625 3066 nempe
653 2989 810 3067 parochus
833 2991 873 3054 da
901 2990 982 3054 facto
1007 2989 1113 3054 nullus

179 3083 355 3160 habeatur,
383 3081 650 3162 quemadmodum
674 3081 804 3160 parochi
834 3086 907 3144 sunt
933 3085 1110 3163 oemnomi,

180 3182 255 3240 tunc
277 3193 335 3257 pro
353 3179 567 3239 oeconomatus
587 3174 635 3236 sui
658 3177 817 3254 tempore,
834 3176 867 3236 id
885 3193 978 3238 omne
993 3177 1114 3240 habent

180 3271 384 3350 auctoritatis,
400 3268 574 3351 generatim
585 3268 755 3348 loquendo,
770 3270 854 3350 quod
865 3270 940 3349 ipsis
954 3271 1114 3334 tribuatur

55 3409 56 3412 ,
172 3361 337 3446 'parochia
