2546 4016
162 235 219 300 m
372 243 705 298 incurrerimus-runis
727 245 882 294 seronior.
912 242 914 244 ·

114 459 117 464 ,
162 395 302 476 propter,
316 392 421 473 prouti
439 393 491 472 jus
501 392 659 472 singulare
671 390 843 472 dirigendis
854 390 994 451 moribus
1006 389 1105 452 umus

163 488 344 569 reipublice
357 489 406 548 vel
421 487 517 550 cultui
537 488 629 549 unius
639 485 798 565 religionis
811 485 1100 563 accommodatum,

162 588 330 667 postquam
355 584 508 663 sanguiue
535 581 648 646 Christi
676 583 799 643 Novum
823 580 1021 659 obsignatum
1048 584 1102 642 est

162 680 408 751 Testamentum,
413 674 891 758 judaicarespublioadissoluta,
900 673 1101 736 omnemvim

166 770 281 834 amisit.

203 867 273 926 Non
283 866 391 926 tomen
400 865 576 944 putandum
590 869 637 927 est
648 864 754 926 omnia
766 867 796 925 et
807 862 930 942 singula
941 865 1103 942 praeopta

164 957 390 1022 ceremonialis
401 962 434 1021 et
439 958 598 1038 judicialis
607 958 687 1037 juris
697 959 735 1018 V.
748 959 783 1018 Τ.
796 956 890 1018 fuisse
903 956 944 1016 ab
958 955 1101 1017 Ecclesia

164 1050 349 1132 repudiata;
366 1051 423 1112 sed
437 1051 499 1112 alia
520 1051 647 1130 quidem
660 1049 838 1128 repudiavit
849 1053 999 1128 tanquam
1013 1065 1102 1110 mor-

164 1145 266 1219 tifere,
291 1161 362 1222 quoe
386 1161 499 1221 nempe
522 1161 596 1205 cum
618 1143 795 1204 indicarent
809 1141 967 1204 Christum
986 1144 1101 1202 ventu-

164 1254 246 1313 rum,
273 1253 345 1296 oum
365 1236 428 1297 fide
449 1240 585 1314 peractae
610 1234 836 1313 redemptionis
855 1233 1012 1294 conciliari
1033 1250 1100 1294 uon

163 1331 319 1410 poterant.
342 1330 416 1391 Haec
435 1328 593 1409 mortifera
609 1328 694 1390 diota
707 1331 791 1389 sunt.
804 1327 875 1388 Alia
891 1325 1010 1404 recepit
1027 1329 1100 1388 tan-

164 1442 260 1505 quam
285 1423 374 1486 utilia
402 1424 497 1486 etiam
526 1423 704 1486 christianis
730 1427 763 1486 et
784 1422 816 1482 in
837 1421 888 1501 jus
912 1421 1101 1482 canonicum

164 1519 333 1597 translatis,
354 1521 437 1582 unde
450 1514 620 1581 canonizata
636 1520 792 1580 dicuntur.
808 1517 878 1579 Alia
897 1517 1025 1578 demum
1040 1535 1101 1578 neo

166 1616 293 1697 recepit,
319 1634 377 1677 nec
399 1615 518 1695 rejecit,
542 1615 598 1676 sed
620 1614 749 1676 retinuit
774 1618 925 1692 tanquam
940 1612 1100 1690 exemplar

162 1709 306 1790 juridica
321 1707 596 1788 interpretationis,
610 1707 693 1768 unde
707 1707 841 1786 populus
856 1705 1043 1768 christianus
1057 1705 1098 1765 ad

166 1801 319 1881 meJorem
333 1801 557 1880 perfectionem
572 1799 785 1863 contenderet.

205 1895 257 1956 VI.
282 1895 335 1953 His
350 1893 448 1972 igitur
460 1891 579 1971 positis,
599 1910 672 1953 ecoe
686 1893 813 1971 regulas
829 1913 835 1953 :

207 1987 237 2046 l·
257 1984 331 2064 Κεφ.
356 1986 401 2045 Ex
410 1984 481 2064 jure
501 1985 612 2046 morali
621 1985 761 2064 judaico,
779 2003 943 2064 possumus
958 1986 990 2045 in
1005 2003 1100 2047 cano-

167 2077 239 2138 nioa
257 2077 506 2157 jurisprudentia
529 2081 716 2156 argumenta
737 2081 855 2157 petere,
873 2096 934 2139 non
960 2096 1049 2139 secus
1062 2095 1100 2138 ac

167 2190 205 2232 ex
215 2170 287 2249 J'ure
300 2170 444 2232 naturali.
463 2173 542 2232 Nam
557 2170 634 2230 nihil
650 2170 734 2232 aliud
749 2175 797 2233 est
809 2171 868 2232 nisi
885 2171 1031 2250 quaedsm
1045 2189 1101 2230 au-

166 2261 305 2324 thentica
318 2261 399 2340 juris
415 2263 566 2323 naturalis
586 2263 818 2342 interpretatio,
835 2264 903 2342 ipso
913 2263 968 2324 Dei
984 2262 1101 2342 magis-

165 2354 245 2417 terio
256 2357 395 2432 operata.
405 2355 573 2436 Undequae
584 2355 719 2416 diximus
729 2357 835 2417 deuu
846 2356 997 2417 naturalis
1005 2354 1097 2434 juris,

166 2447 217 2507 hio
228 2447 299 2526 plus
311 2447 414 2509 minus
429 2448 637 2528 applicantur.

206 2544 237 2601 ᾖ·
257 2540 332 2620 Rep.
356 2543 401 2602 Ex
420 2540 492 2620 jure
515 2542 725 2603 caeremoniali
747 2543 797 2602 vel
809 2541 949 2622 judiciali
973 2542 1102 2604 Judoeo·

167 2652 248 2712 rum,
264 2651 327 2695 non
342 2651 508 2713 possumus
529 2651 662 2712 arguere
687 2637 839 2714 tanquam
858 2652 895 2694 ex
907 2634 978 2713 jure
993 2635 1100 2696 divino

167 2726 340 2787 hodiedum
361 2727 497 2804 vigente.
509 2729 589 2786 Nam
599 2727 659 2787 hoc
669 2725 722 2806 jus
733 2727 817 2806 quod
832 2726 941 2790 debuit
951 2731 1100 2807 tanquam

167 2817 351 2897 pedagogus
366 2818 514 2879 Hebraeos
527 2818 642 2879 ducere
657 2819 698 2880 ad
719 2818 887 2896 Christum,
904 2821 1029 2898 expleta
1050 2839 1102 2880 re-

168 2908 348 2988 demptione
373 2915 490 2988 nostra,
507 2914 659 2990 tanquam
673 2910 779 2972 lunoto
795 2930 925 2972 munere
947 2931 1017 2990 suo,
1035 2913 1100 2974 vim

169 3021 294 3064 omnem
306 3002 419 3064 amisit.
437 3003 500 3065 Sed
517 3023 524 3064 :

209 3099 240 3157 3·
260 3096 335 3177 Κεφ.
360 3098 427 3158 Hoc
438 3095 489 3176 jus
506 3095 724 3157 caeremoniale
738 3097 788 3157 vel
800 3097 949 3177 judiciale
962 3103 1102 3178 exparte

169 3190 340 3266 mortifera,
363 3189 483 3250 nullum
505 3188 685 3267 suppeditat
704 3195 940 3270 argumentum
959 3210 995 3253 ex
1011 3195 1100 3271 parte

168 3297 243 3341 vero
258 3282 451 3358 canonizata,
468 3282 553 3342 valet
564 3284 716 3362 tanquam
722 3282 775 3362 jus
787 3284 1043 3362 ecclesiasticum,
1060 3285 1100 3346 de

168 3390 231 3454 quo
257 3389 330 3434 mox
354 3374 466 3436 dicturi
490 3393 609 3435 sumus.
637 3375 683 3436 Ex
707 3379 797 3454 parte
820 3377 948 3449 demum
975 3381 1100 3440 mortue

167 3463 363 3544 simpliciter,
385 3464 418 3525 id
432 3470 481 3526 est
494 3466 600 3545 quoad
614 3485 652 3526 ea
667 3485 737 3546 quae
758 3487 816 3530 nec
838 3475 964 3549 recepte
978 3489 1036 3533 neo
1048 3489 1100 3531 re-
