<?xml version="1.0" encoding="UTF-8"?>
<!DOCTYPE html PUBLIC "-//W3C//DTD XHTML 1.0 Transitional//EN"
    "http://www.w3.org/TR/xhtml1/DTD/xhtml1-transitional.dtd">
<html xmlns="http://www.w3.org/1999/xhtml" xml:lang="en" lang="en">
 <head>
  <title>
</title>
<meta http-equiv="Content-Type" content="text/html;charset=utf-8" />
  <meta name='ocr-system' content='tesseract 3.04.00' />
  <meta name='ocr-capabilities' content='ocr_page ocr_carea ocr_par ocr_line ocrx_word'/>
</head>
<body>
  <div class='ocr_page' id='page_1' title='image "./institutionesju02marigoog_0263.png"; bbox 0 0 2512 4012; ppageno 0'>
   <div class='ocr_carea' id='block_1_1' title="bbox 170 315 1246 393">
    <p class='ocr_par' dir='ltr' id='par_1_1' title="bbox 170 315 1246 393">
     <span class='ocr_line' id='line_1_1' title="bbox 170 315 1246 393; baseline -0.003 -18"><span class='ocrx_word' id='word_1_1' title='bbox 170 317 228 376; x_wconf 70' lang='lat'>256</span> <span class='ocrx_word' id='word_1_2' title='bbox 400 327 627 376; x_wconf 71' lang='lat' dir='ltr'>martranensis</span> <span class='ocrx_word' id='word_1_3' title='bbox 647 327 729 376; x_wconf 79' lang='lat' dir='ltr'>runis</span> <span class='ocrx_word' id='word_1_4' title='bbox 752 327 906 374; x_wconf 73' lang='lat' dir='ltr'>cinnami.</span> <span class='ocrx_word' id='word_1_5' title='bbox 1074 315 1077 320; x_wconf 83' lang='lat'>&#39;</span> <span class='ocrx_word' id='word_1_6' title='bbox 1245 316 1246 393; x_wconf 73' lang='lat' dir='ltr'>l</span> 
     </span>
    </p>
   </div>
   <div class='ocr_carea' id='block_1_2' title="bbox 130 472 1107 3628">
    <p class='ocr_par' dir='ltr' id='par_1_2' title="bbox 167 472 1107 1464">
     <span class='ocr_line' id='line_1_2' title="bbox 211 472 1107 553; baseline -0.001 -20"><span class='ocrx_word' id='word_1_7' title='bbox 211 473 469 553; x_wconf 81' lang='lat' dir='ltr'>Quandoquidem</span> <span class='ocrx_word' id='word_1_8' title='bbox 483 472 649 552; x_wconf 82' lang='lat' dir='ltr'>collegium</span> <span class='ocrx_word' id='word_1_9' title='bbox 673 475 705 535; x_wconf 87' lang='lat' dir='ltr'>S.</span> <span class='ocrx_word' id='word_1_10' title='bbox 721 474 757 533; x_wconf 87' lang='lat' dir='ltr'>R.</span> <span class='ocrx_word' id='word_1_11' title='bbox 773 473 808 534; x_wconf 81' lang='lat' dir='ltr'>lli.</span> <span class='ocrx_word' id='word_1_12' title='bbox 824 474 882 534; x_wconf 84' lang='lat' dir='ltr'>GC.</span> <span class='ocrx_word' id='word_1_13' title='bbox 896 473 999 533; x_wconf 91' lang='lat' dir='ltr'>locum</span> <span class='ocrx_word' id='word_1_14' title='bbox 1012 473 1107 534; x_wconf 93' lang='lat' dir='ltr'>tenet</span> 
     </span>
     <span class='ocr_line' id='line_1_3' title="bbox 170 564 1107 645; baseline -0.002 -18"><span class='ocrx_word' id='word_1_15' title='bbox 170 569 277 628; x_wconf 84' lang='lat' dir='ltr'>Romae</span> <span class='ocrx_word' id='word_1_16' title='bbox 300 566 426 645; x_wconf 92' lang='lat' dir='ltr'>capituli</span> <span class='ocrx_word' id='word_1_17' title='bbox 453 565 640 627; x_wconf 87' lang='lat' dir='ltr'>cathedralis</span> <span class='ocrx_word' id='word_1_18' title='bbox 653 565 786 626; x_wconf 85' lang='lat' dir='ltr'>aliarum</span> <span class='ocrx_word' id='word_1_19' title='bbox 811 564 998 643; x_wconf 77' lang='lat' dir='ltr'>dioeceseon,</span> <span class='ocrx_word' id='word_1_20' title='bbox 1011 565 1107 626; x_wconf 85' lang='lat' dir='ltr'>nulla</span> 
     </span>
     <span class='ocr_line' id='line_1_4' title="bbox 170 658 1103 739; baseline -0.001 -19"><span class='ocrx_word' id='word_1_21' title='bbox 170 658 322 720; x_wconf 79' lang='lat' dir='ltr'>dubitatio</span> <span class='ocrx_word' id='word_1_22' title='bbox 339 662 386 720; x_wconf 92' lang='lat' dir='ltr'>est</span> <span class='ocrx_word' id='word_1_23' title='bbox 400 659 475 739; x_wconf 90' lang='lat' dir='ltr'>quin</span> <span class='ocrx_word' id='word_1_24' title='bbox 490 659 530 721; x_wconf 85' lang='lat' dir='ltr'>sit</span> <span class='ocrx_word' id='word_1_25' title='bbox 547 662 654 720; x_wconf 84' lang='lat' dir='ltr'>Romae</span> <span class='ocrx_word' id='word_1_26' title='bbox 670 661 796 719; x_wconf 88' lang='lat' dir='ltr'>senatus</span> <span class='ocrx_word' id='word_1_27' title='bbox 809 658 984 719; x_wconf 90' lang='lat' dir='ltr'>ordinarius</span> <span class='ocrx_word' id='word_1_28' title='bbox 1005 661 1103 720; x_wconf 86' lang='lat' dir='ltr'>Rom.</span> 
     </span>
     <span class='ocr_line' id='line_1_5' title="bbox 170 751 1107 831; baseline -0.002 -17"><span class='ocrx_word' id='word_1_29' title='bbox 170 752 338 830; x_wconf 90' lang='lat' dir='ltr'>Pontilicis,</span> <span class='ocrx_word' id='word_1_30' title='bbox 355 752 445 814; x_wconf 91' lang='lat' dir='ltr'>sicuti</span> <span class='ocrx_word' id='word_1_31' title='bbox 465 752 600 831; x_wconf 91' lang='lat' dir='ltr'>capitula</span> <span class='ocrx_word' id='word_1_32' title='bbox 614 751 820 831; x_wconf 81' lang='lat' dir='ltr'><strong>singularium</strong></span> <span class='ocrx_word' id='word_1_33' title='bbox 836 751 1014 814; x_wconf 78' lang='lat' dir='ltr'>dioeceseon</span> <span class='ocrx_word' id='word_1_34' title='bbox 1026 755 1107 813; x_wconf 89' lang='lat' dir='ltr'>sunt</span> 
     </span>
     <span class='ocr_line' id='line_1_6' title="bbox 170 844 1107 924; baseline -0.002 -18"><span class='ocrx_word' id='word_1_35' title='bbox 170 849 296 906; x_wconf 90' lang='lat' dir='ltr'>senatus</span> <span class='ocrx_word' id='word_1_36' title='bbox 315 845 508 924; x_wconf 90' lang='lat' dir='ltr'>singulorum</span> <span class='ocrx_word' id='word_1_37' title='bbox 531 844 758 923; x_wconf 87' lang='lat' dir='ltr'>episcoporum.</span> <span class='ocrx_word' id='word_1_38' title='bbox 776 845 814 906; x_wconf 79' lang='lat' dir='ltr'>Et</span> <span class='ocrx_word' id='word_1_39' title='bbox 834 844 946 904; x_wconf 89' lang='lat' dir='ltr'>eadem</span> <span class='ocrx_word' id='word_1_40' title='bbox 967 861 1107 923; x_wconf 89' lang='lat' dir='ltr'>propor-</span> 
     </span>
     <span class='ocr_line' id='line_1_7' title="bbox 169 936 1104 1019; baseline -0.002 -18"><span class='ocrx_word' id='word_1_41' title='bbox 169 939 254 1001; x_wconf 91' lang='lat' dir='ltr'>tione</span> <span class='ocrx_word' id='word_1_42' title='bbox 282 957 345 1019; x_wconf 89' lang='lat' dir='ltr'>qua</span> <span class='ocrx_word' id='word_1_43' title='bbox 371 937 506 1016; x_wconf 74' lang='lat' dir='ltr'>dignitas</span> <span class='ocrx_word' id='word_1_44' title='bbox 529 941 563 998; x_wconf 87' lang='lat' dir='ltr'>et</span> <span class='ocrx_word' id='word_1_45' title='bbox 584 937 754 998; x_wconf 76' lang='lat' dir='ltr'>auctoritas</span> <span class='ocrx_word' id='word_1_46' title='bbox 775 936 933 999; x_wconf 75' lang='lat' dir='ltr'>cathedra</span> <span class='ocrx_word' id='word_1_47' title='bbox 959 954 1104 999; x_wconf 76' lang='lat' dir='ltr'>romanae</span> 
     </span>
     <span class='ocr_line' id='line_1_8' title="bbox 169 1029 1104 1111; baseline -0.002 -19"><span class='ocrx_word' id='word_1_48' title='bbox 169 1035 283 1111; x_wconf 77' lang='lat' dir='ltr'>praeest</span> <span class='ocrx_word' id='word_1_49' title='bbox 295 1031 447 1093; x_wconf 90' lang='lat' dir='ltr'>universis</span> <span class='ocrx_word' id='word_1_50' title='bbox 464 1030 591 1090; x_wconf 91' lang='lat' dir='ltr'>sedibus</span> <span class='ocrx_word' id='word_1_51' title='bbox 606 1029 850 1110; x_wconf 90' lang='lat' dir='ltr'>episcopalibus,</span> <span class='ocrx_word' id='word_1_52' title='bbox 872 1029 915 1090; x_wconf 89' lang='lat' dir='ltr'>ita</span> <span class='ocrx_word' id='word_1_53' title='bbox 929 1029 990 1091; x_wconf 93' lang='lat' dir='ltr'>hoc</span> <span class='ocrx_word' id='word_1_54' title='bbox 1004 1030 1104 1091; x_wconf 92' lang='lat' dir='ltr'>colle—</span> 
     </span>
     <span class='ocr_line' id='line_1_9' title="bbox 168 1121 1101 1204; baseline 0.001 -21"><span class='ocrx_word' id='word_1_55' title='bbox 168 1125 255 1204; x_wconf 90' lang='lat' dir='ltr'>gium</span> <span class='ocrx_word' id='word_1_56' title='bbox 274 1127 402 1202; x_wconf 86' lang='lat' dir='ltr'>praestat</span> <span class='ocrx_word' id='word_1_57' title='bbox 423 1123 573 1201; x_wconf 83' lang='lat' dir='ltr'>dignitate</span> <span class='ocrx_word' id='word_1_58' title='bbox 598 1126 629 1183; x_wconf 92' lang='lat' dir='ltr'>et</span> <span class='ocrx_word' id='word_1_59' title='bbox 654 1122 840 1184; x_wconf 84' lang='lat' dir='ltr'>auctoritate</span> <span class='ocrx_word' id='word_1_60' title='bbox 862 1123 1008 1184; x_wconf 92' lang='lat' dir='ltr'>omnibus</span> <span class='ocrx_word' id='word_1_61' title='bbox 1028 1121 1101 1184; x_wconf 87' lang='lat' dir='ltr'>aliis</span> 
     </span>
     <span class='ocr_line' id='line_1_10' title="bbox 169 1215 1100 1296; baseline -0.001 -19"><span class='ocrx_word' id='word_1_62' title='bbox 169 1217 306 1296; x_wconf 83' lang='lat' dir='ltr'>collegiis</span> <span class='ocrx_word' id='word_1_63' title='bbox 321 1215 496 1293; x_wconf 84' lang='lat' dir='ltr'>senatoriis,</span> <span class='ocrx_word' id='word_1_64' title='bbox 510 1215 665 1294; x_wconf 90' lang='lat' dir='ltr'>siquidem</span> <span class='ocrx_word' id='word_1_65' title='bbox 681 1219 756 1276; x_wconf 88' lang='lat' dir='ltr'>esta</span> <span class='ocrx_word' id='word_1_66' title='bbox 770 1215 905 1277; x_wconf 86' lang='lat' dir='ltr'>consiliis</span> <span class='ocrx_word' id='word_1_67' title='bbox 919 1216 1001 1277; x_wconf 90' lang='lat' dir='ltr'>illius</span> <span class='ocrx_word' id='word_1_68' title='bbox 1014 1215 1100 1277; x_wconf 88' lang='lat' dir='ltr'>sedis</span> 
     </span>
     <span class='ocr_line' id='line_1_11' title="bbox 167 1307 1095 1387; baseline 0.001 -18"><span class='ocrx_word' id='word_1_69' title='bbox 167 1307 218 1370; x_wconf 88' lang='lat' dir='ltr'>vel</span> <span class='ocrx_word' id='word_1_70' title='bbox 232 1309 312 1371; x_wconf 91' lang='lat' dir='ltr'>illius</span> <span class='ocrx_word' id='word_1_71' title='bbox 327 1308 472 1370; x_wconf 87' lang='lat' dir='ltr'>antistitis</span> <span class='ocrx_word' id='word_1_72' title='bbox 482 1309 532 1369; x_wconf 93' lang='lat' dir='ltr'>cui</span> <span class='ocrx_word' id='word_1_73' title='bbox 547 1327 610 1370; x_wconf 95' lang='lat' dir='ltr'>non</span> <span class='ocrx_word' id='word_1_74' title='bbox 625 1327 688 1369; x_wconf 89' lang='lat' dir='ltr'>una</span> <span class='ocrx_word' id='word_1_75' title='bbox 703 1313 757 1370; x_wconf 87' lang='lat' dir='ltr'>aut</span> <span class='ocrx_word' id='word_1_76' title='bbox 770 1310 928 1371; x_wconf 85' lang='lat' dir='ltr'>nonnullae</span> <span class='ocrx_word' id='word_1_77' title='bbox 942 1309 1095 1387; x_wconf 74' lang='lat' dir='ltr'>ecclesiae,</span> 
     </span>
     <span class='ocr_line' id='line_1_12' title="bbox 168 1401 820 1464; baseline -0.002 0"><span class='ocrx_word' id='word_1_78' title='bbox 168 1403 223 1464; x_wconf 88' lang='lat' dir='ltr'>sed</span> <span class='ocrx_word' id='word_1_79' title='bbox 238 1402 422 1464; x_wconf 84' lang='lat' dir='ltr'>universalis</span> <span class='ocrx_word' id='word_1_80' title='bbox 433 1401 600 1464; x_wconf 88' lang='lat' dir='ltr'>commissa</span> <span class='ocrx_word' id='word_1_81' title='bbox 612 1406 658 1463; x_wconf 89' lang='lat' dir='ltr'>est</span> <span class='ocrx_word' id='word_1_82' title='bbox 671 1401 820 1463; x_wconf 78' lang='lat' dir='ltr'>Ecclesia.</span> 
     </span>
    </p>

    <p class='ocr_par' dir='ltr' id='par_1_3' title="bbox 166 1493 1098 2116">
     <span class='ocr_line' id='line_1_13' title="bbox 208 1493 1098 1576; baseline 0.001 -20"><span class='ocrx_word' id='word_1_83' title='bbox 208 1497 383 1576; x_wconf 82' lang='lat' dir='ltr'>Eapropter</span> <span class='ocrx_word' id='word_1_84' title='bbox 405 1494 445 1556; x_wconf 88' lang='lat' dir='ltr'>ab</span> <span class='ocrx_word' id='word_1_85' title='bbox 466 1495 591 1555; x_wconf 91' lang='lat' dir='ltr'>illorum</span> <span class='ocrx_word' id='word_1_86' title='bbox 624 1493 752 1555; x_wconf 90' lang='lat' dir='ltr'>consilio</span> <span class='ocrx_word' id='word_1_87' title='bbox 779 1497 810 1555; x_wconf 88' lang='lat' dir='ltr'>et</span> <span class='ocrx_word' id='word_1_88' title='bbox 840 1496 913 1556; x_wconf 89' lang='lat' dir='ltr'>voto</span> <span class='ocrx_word' id='word_1_89' title='bbox 939 1494 1098 1574; x_wconf 88' lang='lat' dir='ltr'>dependet</span> 
     </span>
     <span class='ocr_line' id='line_1_14' title="bbox 169 1587 1096 1670; baseline -0.001 -21"><span class='ocrx_word' id='word_1_90' title='bbox 169 1589 400 1670; x_wconf 88' lang='lat' dir='ltr'>quodammodo</span> <span class='ocrx_word' id='word_1_91' title='bbox 408 1587 634 1650; x_wconf 88' lang='lat' dir='ltr'>administratio</span> <span class='ocrx_word' id='word_1_92' title='bbox 646 1587 830 1648; x_wconf 89' lang='lat' dir='ltr'>universalis</span> <span class='ocrx_word' id='word_1_93' title='bbox 838 1587 995 1650; x_wconf 75' lang='lat' dir='ltr'>acclesiae.</span> <span class='ocrx_word' id='word_1_94' title='bbox 1006 1587 1096 1652; x_wconf 90' lang='lat' dir='ltr'>Unde</span> 
     </span>
     <span class='ocr_line' id='line_1_15' title="bbox 166 1680 1097 1762; baseline 0.001 -20"><span class='ocrx_word' id='word_1_95' title='bbox 166 1682 320 1762; x_wconf 78' lang='lat' dir='ltr'>pressiori</span> <span class='ocrx_word' id='word_1_96' title='bbox 349 1701 442 1742; x_wconf 88' lang='lat' dir='ltr'>sensu</span> <span class='ocrx_word' id='word_1_97' title='bbox 466 1680 541 1742; x_wconf 91' lang='lat' dir='ltr'>dicti</span> <span class='ocrx_word' id='word_1_98' title='bbox 568 1683 641 1742; x_wconf 91' lang='lat' dir='ltr'>sunt</span> <span class='ocrx_word' id='word_1_99' title='bbox 661 1681 847 1758; x_wconf 84' lang='lat' dir='ltr'>cardinales,</span> <span class='ocrx_word' id='word_1_100' title='bbox 876 1681 950 1760; x_wconf 90' lang='lat' dir='ltr'>quia</span> <span class='ocrx_word' id='word_1_101' title='bbox 963 1681 1097 1743; x_wconf 88' lang='lat' dir='ltr'>vicinius</span> 
     </span>
     <span class='ocr_line' id='line_1_16' title="bbox 167 1773 1098 1852; baseline 0 -16"><span class='ocrx_word' id='word_1_102' title='bbox 167 1774 331 1836; x_wconf 86' lang='lat' dir='ltr'>adhaereut</span> <span class='ocrx_word' id='word_1_103' title='bbox 354 1774 472 1836; x_wconf 88' lang='lat' dir='ltr'>cardini</span> <span class='ocrx_word' id='word_1_104' title='bbox 502 1773 687 1836; x_wconf 86' lang='lat' dir='ltr'>universalis</span> <span class='ocrx_word' id='word_1_105' title='bbox 718 1773 876 1852; x_wconf 78' lang='lat' dir='ltr'>Ecclesiae,</span> <span class='ocrx_word' id='word_1_106' title='bbox 909 1777 947 1835; x_wconf 91' lang='lat' dir='ltr'>ut</span> <span class='ocrx_word' id='word_1_107' title='bbox 972 1775 1098 1836; x_wconf 88' lang='lat' dir='ltr'>dicebat</span> 
     </span>
     <span class='ocr_line' id='line_1_17' title="bbox 166 1866 1097 1948; baseline 0 -19"><span class='ocrx_word' id='word_1_108' title='bbox 166 1870 229 1929; x_wconf 87' lang='lat' dir='ltr'>Leo</span> <span class='ocrx_word' id='word_1_109' title='bbox 243 1870 284 1929; x_wconf 93' lang='lat' dir='ltr'>IX</span> <span class='ocrx_word' id='word_1_110' title='bbox 299 1868 331 1928; x_wconf 95' lang='lat' dir='ltr'>in</span> <span class='ocrx_word' id='word_1_111' title='bbox 354 1868 493 1947; x_wconf 81' lang='lat' dir='ltr'>Epistola</span> <span class='ocrx_word' id='word_1_112' title='bbox 517 1870 531 1929; x_wconf 95' lang='lat' dir='ltr'>l</span> <span class='ocrx_word' id='word_1_113' title='bbox 548 1867 643 1947; x_wconf 88' lang='lat' dir='ltr'>(apud</span> <span class='ocrx_word' id='word_1_114' title='bbox 657 1866 847 1946; x_wconf 87' lang='lat' dir='ltr'>Labbeum);</span> <span class='ocrx_word' id='word_1_115' title='bbox 869 1867 919 1928; x_wconf 88' lang='lat' dir='ltr'>vel</span> <span class='ocrx_word' id='word_1_116' title='bbox 933 1867 1007 1948; x_wconf 90' lang='lat' dir='ltr'>qnia</span> <span class='ocrx_word' id='word_1_117' title='bbox 1022 1872 1097 1930; x_wconf 90' lang='lat' dir='ltr'>sunt</span> 
     </span>
     <span class='ocr_line' id='line_1_18' title="bbox 167 1959 1096 2040; baseline 0 -18"><span class='ocrx_word' id='word_1_118' title='bbox 167 1960 310 2022; x_wconf 87' lang='lat' dir='ltr'>cardines</span> <span class='ocrx_word' id='word_1_119' title='bbox 338 1961 422 2022; x_wconf 88' lang='lat' dir='ltr'>circa</span> <span class='ocrx_word' id='word_1_120' title='bbox 456 1978 535 2040; x_wconf 88' lang='lat' dir='ltr'>quos</span> <span class='ocrx_word' id='word_1_121' title='bbox 557 1959 727 2022; x_wconf 87' lang='lat' dir='ltr'>volvuntur</span> <span class='ocrx_word' id='word_1_122' title='bbox 747 1964 846 2040; x_wconf 88' lang='lat' dir='ltr'>portae</span> <span class='ocrx_word' id='word_1_123' title='bbox 868 1960 1029 2038; x_wconf 75' lang='lat' dir='ltr'>Ecclesiae,</span> <span class='ocrx_word' id='word_1_124' title='bbox 1061 1963 1096 2022; x_wconf 92' lang='lat' dir='ltr'>nt</span> 
     </span>
     <span class='ocr_line' id='line_1_19' title="bbox 167 2052 625 2116; baseline 0 -2"><span class='ocrx_word' id='word_1_125' title='bbox 167 2053 243 2114; x_wconf 89' lang='lat' dir='ltr'>dicit</span> <span class='ocrx_word' id='word_1_126' title='bbox 257 2052 424 2114; x_wconf 89' lang='lat' dir='ltr'>concilium</span> <span class='ocrx_word' id='word_1_127' title='bbox 436 2053 625 2116; x_wconf 81' lang='lat' dir='ltr'>basileense.</span> 
     </span>
    </p>

    <p class='ocr_par' dir='ltr' id='par_1_4' title="bbox 130 2145 1098 2970">
     <span class='ocr_line' id='line_1_20' title="bbox 207 2145 1097 2226; baseline -0.001 -18"><span class='ocrx_word' id='word_1_128' title='bbox 207 2145 269 2208; x_wconf 87' lang='lat' dir='ltr'>Sed</span> <span class='ocrx_word' id='word_1_129' title='bbox 282 2164 346 2207; x_wconf 91' lang='lat' dir='ltr'>non</span> <span class='ocrx_word' id='word_1_130' title='bbox 361 2146 504 2208; x_wconf 89' lang='lat' dir='ltr'>obstante</span> <span class='ocrx_word' id='word_1_131' title='bbox 516 2145 576 2207; x_wconf 91' lang='lat' dir='ltr'>hac</span> <span class='ocrx_word' id='word_1_132' title='bbox 591 2164 714 2207; x_wconf 89' lang='lat' dir='ltr'>summa</span> <span class='ocrx_word' id='word_1_133' title='bbox 727 2146 806 2208; x_wconf 86' lang='lat' dir='ltr'>sacri</span> <span class='ocrx_word' id='word_1_134' title='bbox 823 2147 945 2226; x_wconf 89' lang='lat' dir='ltr'>collegii</span> <span class='ocrx_word' id='word_1_135' title='bbox 958 2148 1097 2209; x_wconf 89' lang='lat' dir='ltr'>auctori-</span> 
     </span>
     <span class='ocr_line' id='line_1_21' title="bbox 166 2238 1096 2318; baseline 0.001 -17"><span class='ocrx_word' id='word_1_136' title='bbox 166 2242 240 2312; x_wconf 83' lang='lat' dir='ltr'>tate,</span> <span class='ocrx_word' id='word_1_137' title='bbox 256 2238 417 2299; x_wconf 85' lang='lat' dir='ltr'>falleretur</span> <span class='ocrx_word' id='word_1_138' title='bbox 430 2238 483 2318; x_wconf 89' lang='lat' dir='ltr'>qui</span> <span class='ocrx_word' id='word_1_139' title='bbox 494 2239 638 2301; x_wconf 89' lang='lat' dir='ltr'>crederet</span> <span class='ocrx_word' id='word_1_140' title='bbox 651 2243 775 2301; x_wconf 90' lang='lat' dir='ltr'>tautum</span> <span class='ocrx_word' id='word_1_141' title='bbox 787 2239 939 2300; x_wconf 85' lang='lat' dir='ltr'>influxum</span> <span class='ocrx_word' id='word_1_142' title='bbox 949 2255 1096 2302; x_wconf 83' lang='lat' dir='ltr'>exercere</span> 
     </span>
     <span class='ocr_line' id='line_1_22' title="bbox 166 2330 1096 2411; baseline 0 -18"><span class='ocrx_word' id='word_1_143' title='bbox 166 2349 257 2410; x_wconf 90' lang='lat' dir='ltr'>posse</span> <span class='ocrx_word' id='word_1_144' title='bbox 272 2331 446 2394; x_wconf 88' lang='lat' dir='ltr'>cardinales</span> <span class='ocrx_word' id='word_1_145' title='bbox 460 2332 493 2392; x_wconf 92' lang='lat' dir='ltr'>in</span> <span class='ocrx_word' id='word_1_146' title='bbox 511 2330 644 2411; x_wconf 89' lang='lat' dir='ltr'>negotiis</span> <span class='ocrx_word' id='word_1_147' title='bbox 666 2333 731 2394; x_wconf 87' lang='lat' dir='ltr'>sive</span> <span class='ocrx_word' id='word_1_148' title='bbox 753 2335 913 2410; x_wconf 73' lang='lat' dir='ltr'>Romanae,</span> <span class='ocrx_word' id='word_1_149' title='bbox 936 2333 1001 2396; x_wconf 91' lang='lat' dir='ltr'>sive</span> <span class='ocrx_word' id='word_1_150' title='bbox 1026 2334 1096 2394; x_wconf 89' lang='lat' dir='ltr'>uni-</span> 
     </span>
     <span class='ocr_line' id='line_1_23' title="bbox 130 2424 1096 2505; baseline 0.002 -19"><span class='ocrx_word' id='word_1_151' title='bbox 130 2441 133 2450; x_wconf 92' lang='lat'>·</span> <span class='ocrx_word' id='word_1_152' title='bbox 168 2424 297 2486; x_wconf 87' lang='lat' dir='ltr'>versalis</span> <span class='ocrx_word' id='word_1_153' title='bbox 309 2425 467 2503; x_wconf 81' lang='lat' dir='ltr'>Ecclesiae,</span> <span class='ocrx_word' id='word_1_154' title='bbox 484 2428 636 2505; x_wconf 88' lang='lat' dir='ltr'>quantum</span> <span class='ocrx_word' id='word_1_155' title='bbox 661 2429 807 2486; x_wconf 84' lang='lat' dir='ltr'>exercent</span> <span class='ocrx_word' id='word_1_156' title='bbox 827 2425 963 2505; x_wconf 86' lang='lat' dir='ltr'>capitula</span> <span class='ocrx_word' id='word_1_157' title='bbox 988 2427 1096 2488; x_wconf 92' lang='lat' dir='ltr'>cathe-</span> 
     </span>
     <span class='ocr_line' id='line_1_24' title="bbox 168 2517 1095 2597; baseline 0.001 -18"><span class='ocrx_word' id='word_1_158' title='bbox 168 2517 302 2579; x_wconf 89' lang='lat' dir='ltr'>dralium</span> <span class='ocrx_word' id='word_1_159' title='bbox 317 2519 519 2580; x_wconf 91' lang='lat' dir='ltr'>ecclesiarum</span> <span class='ocrx_word' id='word_1_160' title='bbox 531 2518 563 2579; x_wconf 92' lang='lat' dir='ltr'>in</span> <span class='ocrx_word' id='word_1_161' title='bbox 578 2518 710 2597; x_wconf 90' lang='lat' dir='ltr'>negotiis</span> <span class='ocrx_word' id='word_1_162' title='bbox 724 2518 918 2582; x_wconf 84' lang='lat' dir='ltr'>dioecesanis.</span> <span class='ocrx_word' id='word_1_163' title='bbox 932 2523 1011 2582; x_wconf 88' lang='lat' dir='ltr'>Nam</span> <span class='ocrx_word' id='word_1_164' title='bbox 1021 2520 1095 2582; x_wconf 90' lang='lat' dir='ltr'>sede</span> 
     </span>
     <span class='ocr_line' id='line_1_25' title="bbox 168 2611 1097 2692; baseline 0.002 -20"><span class='ocrx_word' id='word_1_165' title='bbox 168 2613 262 2692; x_wconf 92' lang='lat' dir='ltr'>plena</span> <span class='ocrx_word' id='word_1_166' title='bbox 275 2613 354 2673; x_wconf 91' lang='lat' dir='ltr'>solet</span> <span class='ocrx_word' id='word_1_167' title='bbox 366 2612 493 2692; x_wconf 90' lang='lat' dir='ltr'>quidem</span> <span class='ocrx_word' id='word_1_168' title='bbox 508 2615 597 2672; x_wconf 87' lang='lat' dir='ltr'>Rom.</span> <span class='ocrx_word' id='word_1_169' title='bbox 613 2611 754 2672; x_wconf 85' lang='lat' dir='ltr'>Pontifex</span> <span class='ocrx_word' id='word_1_170' title='bbox 773 2612 806 2672; x_wconf 91' lang='lat' dir='ltr'>in</span> <span class='ocrx_word' id='word_1_171' title='bbox 826 2613 1025 2674; x_wconf 65' lang='lat' dir='ltr'>muratorium</span> <span class='ocrx_word' id='word_1_172' title='bbox 1045 2632 1097 2674; x_wconf 89' lang='lat' dir='ltr'>ac·</span> 
     </span>
     <span class='ocr_line' id='line_1_26' title="bbox 168 2704 1098 2786; baseline 0.004 -22"><span class='ocrx_word' id='word_1_173' title='bbox 168 2705 232 2765; x_wconf 93' lang='lat' dir='ltr'>cire</span> <span class='ocrx_word' id='word_1_174' title='bbox 253 2705 438 2781; x_wconf 88' lang='lat' dir='ltr'>cardinales,</span> <span class='ocrx_word' id='word_1_175' title='bbox 454 2704 519 2766; x_wconf 88' lang='lat' dir='ltr'>sive</span> <span class='ocrx_word' id='word_1_176' title='bbox 544 2712 684 2765; x_wconf 82' lang='lat' dir='ltr'>sec-retum</span> <span class='ocrx_word' id='word_1_177' title='bbox 706 2704 759 2766; x_wconf 92' lang='lat' dir='ltr'>ubi</span> <span class='ocrx_word' id='word_1_178' title='bbox 785 2705 824 2765; x_wconf 91' lang='lat' dir='ltr'>de</span> <span class='ocrx_word' id='word_1_179' title='bbox 850 2706 1040 2786; x_wconf 87' lang='lat' dir='ltr'>quotidianis</span> <span class='ocrx_word' id='word_1_180' title='bbox 1066 2709 1098 2768; x_wconf 88' lang='lat' dir='ltr'>et</span> 
     </span>
     <span class='ocr_line' id='line_1_27' title="bbox 169 2796 1097 2878; baseline 0.003 -21"><span class='ocrx_word' id='word_1_181' title='bbox 169 2797 333 2858; x_wconf 88' lang='lat' dir='ltr'>ordinariis</span> <span class='ocrx_word' id='word_1_182' title='bbox 357 2796 500 2875; x_wconf 89' lang='lat' dir='ltr'>negotiis,</span> <span class='ocrx_word' id='word_1_183' title='bbox 525 2797 590 2857; x_wconf 87' lang='lat' dir='ltr'>sive</span> <span class='ocrx_word' id='word_1_184' title='bbox 606 2797 759 2878; x_wconf 81' lang='lat' dir='ltr'>publicam</span> <span class='ocrx_word' id='word_1_185' title='bbox 784 2799 836 2860; x_wconf 90' lang='lat' dir='ltr'>ubi</span> <span class='ocrx_word' id='word_1_186' title='bbox 861 2800 900 2860; x_wconf 89' lang='lat' dir='ltr'>de</span> <span class='ocrx_word' id='word_1_187' title='bbox 926 2801 1097 2862; x_wconf 87' lang='lat' dir='ltr'>extraordi-</span> 
     </span>
     <span class='ocr_line' id='line_1_28' title="bbox 169 2889 868 2970; baseline 0.006 -20"><span class='ocrx_word' id='word_1_188' title='bbox 169 2889 263 2951; x_wconf 85' lang='lat' dir='ltr'>nariis</span> <span class='ocrx_word' id='word_1_189' title='bbox 274 2895 305 2952; x_wconf 91' lang='lat' dir='ltr'>et</span> <span class='ocrx_word' id='word_1_190' title='bbox 318 2889 507 2950; x_wconf 82' lang='lat' dir='ltr'>solemnibus</span> <span class='ocrx_word' id='word_1_191' title='bbox 521 2890 653 2970; x_wconf 89' lang='lat' dir='ltr'>negotiis</span> <span class='ocrx_word' id='word_1_192' title='bbox 668 2891 868 2954; x_wconf 88' lang='lat' dir='ltr'>deliberatur.</span> 
     </span>
    </p>

    <p class='ocr_par' dir='ltr' id='par_1_5' title="bbox 168 2983 1102 3628">
     <span class='ocr_line' id='line_1_29' title="bbox 210 2983 1097 3049; baseline 0.005 -4"><span class='ocrx_word' id='word_1_193' title='bbox 210 2983 272 3045; x_wconf 84' lang='lat' dir='ltr'>Sed</span> <span class='ocrx_word' id='word_1_194' title='bbox 286 3001 350 3043; x_wconf 91' lang='lat' dir='ltr'>nou</span> <span class='ocrx_word' id='word_1_195' title='bbox 363 2986 486 3044; x_wconf 89' lang='lat' dir='ltr'>tenetur</span> <span class='ocrx_word' id='word_1_196' title='bbox 497 2986 586 3045; x_wconf 86' lang='lat' dir='ltr'>Rom.</span> <span class='ocrx_word' id='word_1_197' title='bbox 604 2985 745 3046; x_wconf 85' lang='lat' dir='ltr'>Pontifex</span> <span class='ocrx_word' id='word_1_198' title='bbox 759 2985 884 3047; x_wconf 90' lang='lat' dir='ltr'>illorum</span> <span class='ocrx_word' id='word_1_199' title='bbox 898 2987 1007 3048; x_wconf 88' lang='lat' dir='ltr'>audire</span> <span class='ocrx_word' id='word_1_200' title='bbox 1022 3005 1097 3049; x_wconf 90' lang='lat' dir='ltr'>con-</span> 
     </span>
     <span class='ocr_line' id='line_1_30' title="bbox 169 3074 1096 3160; baseline 0.005 -23"><span class='ocrx_word' id='word_1_201' title='bbox 169 3075 282 3154; x_wconf 88' lang='lat' dir='ltr'>silium,</span> <span class='ocrx_word' id='word_1_202' title='bbox 298 3076 396 3136; x_wconf 90' lang='lat' dir='ltr'>multo</span> <span class='ocrx_word' id='word_1_203' title='bbox 411 3074 514 3137; x_wconf 91' lang='lat' dir='ltr'>minus</span> <span class='ocrx_word' id='word_1_204' title='bbox 526 3075 651 3138; x_wconf 90' lang='lat' dir='ltr'>illorum</span> <span class='ocrx_word' id='word_1_205' title='bbox 665 3082 773 3139; x_wconf 84' lang='lat' dir='ltr'>votum</span> <span class='ocrx_word' id='word_1_206' title='bbox 788 3079 887 3158; x_wconf 91' lang='lat' dir='ltr'>sequi,</span> <span class='ocrx_word' id='word_1_207' title='bbox 904 3079 996 3142; x_wconf 89' lang='lat' dir='ltr'>sicuti</span> <span class='ocrx_word' id='word_1_208' title='bbox 1015 3081 1096 3160; x_wconf 90' lang='lat' dir='ltr'>epis-</span> 
     </span>
     <span class='ocr_line' id='line_1_31' title="bbox 168 3169 1096 3254; baseline 0.005 -24"><span class='ocrx_word' id='word_1_209' title='bbox 168 3188 266 3248; x_wconf 90' lang='lat' dir='ltr'>copus</span> <span class='ocrx_word' id='word_1_210' title='bbox 284 3170 409 3231; x_wconf 87' lang='lat' dir='ltr'>illorum</span> <span class='ocrx_word' id='word_1_211' title='bbox 423 3169 550 3231; x_wconf 84' lang='lat' dir='ltr'>consilio</span> <span class='ocrx_word' id='word_1_212' title='bbox 567 3175 621 3232; x_wconf 91' lang='lat' dir='ltr'>aut</span> <span class='ocrx_word' id='word_1_213' title='bbox 640 3175 712 3232; x_wconf 90' lang='lat' dir='ltr'>voto</span> <span class='ocrx_word' id='word_1_214' title='bbox 727 3171 911 3252; x_wconf 82' lang='lat' dir='ltr'>astringitur</span> <span class='ocrx_word' id='word_1_215' title='bbox 926 3173 958 3233; x_wconf 91' lang='lat' dir='ltr'>in</span> <span class='ocrx_word' id='word_1_216' title='bbox 970 3174 1096 3254; x_wconf 87' lang='lat' dir='ltr'>gravio-</span> 
     </span>
     <span class='ocr_line' id='line_1_32' title="bbox 168 3261 1095 3347; baseline 0.005 -24"><span class='ocrx_word' id='word_1_217' title='bbox 168 3261 254 3324; x_wconf 90' lang='lat' dir='ltr'>ribus</span> <span class='ocrx_word' id='word_1_218' title='bbox 276 3263 419 3325; x_wconf 84' lang='lat' dir='ltr'>dioecesis</span> <span class='ocrx_word' id='word_1_219' title='bbox 443 3282 507 3325; x_wconf 84' lang='lat' dir='ltr'>suae</span> <span class='ocrx_word' id='word_1_220' title='bbox 527 3265 670 3344; x_wconf 89' lang='lat' dir='ltr'>negotiis.</span> <span class='ocrx_word' id='word_1_221' title='bbox 699 3267 840 3346; x_wconf 89' lang='lat' dir='ltr'>Namque</span> <span class='ocrx_word' id='word_1_222' title='bbox 854 3266 1018 3346; x_wconf 88' lang='lat' dir='ltr'>episcopus</span> <span class='ocrx_word' id='word_1_223' title='bbox 1041 3266 1095 3347; x_wconf 87' lang='lat' dir='ltr'>qui</span> 
     </span>
     <span class='ocr_line' id='line_1_33' title="bbox 169 3356 1096 3440; baseline 0.002 -22"><span class='ocrx_word' id='word_1_224' title='bbox 169 3376 206 3418; x_wconf 89' lang='lat' dir='ltr'>ex</span> <span class='ocrx_word' id='word_1_225' title='bbox 231 3356 336 3418; x_wconf 89' lang='lat' dir='ltr'>divina</span> <span class='ocrx_word' id='word_1_226' title='bbox 363 3358 556 3420; x_wconf 86' lang='lat' dir='ltr'>institutione</span> <span class='ocrx_word' id='word_1_227' title='bbox 583 3363 674 3420; x_wconf 87' lang='lat' dir='ltr'>natus</span> <span class='ocrx_word' id='word_1_228' title='bbox 703 3363 749 3420; x_wconf 91' lang='lat' dir='ltr'>est</span> <span class='ocrx_word' id='word_1_229' title='bbox 777 3359 930 3436; x_wconf 88' lang='lat' dir='ltr'>subditus,</span> <span class='ocrx_word' id='word_1_230' title='bbox 961 3360 1096 3440; x_wconf 86' lang='lat' dir='ltr'>ideoque</span> 
     </span>
     <span class='ocr_line' id='line_1_34' title="bbox 169 3449 1098 3532; baseline 0.002 -20"><span class='ocrx_word' id='word_1_231' title='bbox 169 3449 326 3512; x_wconf 92' lang='lat' dir='ltr'>communi</span> <span class='ocrx_word' id='word_1_232' title='bbox 337 3449 401 3529; x_wconf 87' lang='lat' dir='ltr'>juri</span> <span class='ocrx_word' id='word_1_233' title='bbox 418 3450 610 3529; x_wconf 82' lang='lat' dir='ltr'>astringitur,</span> <span class='ocrx_word' id='word_1_234' title='bbox 632 3451 735 3529; x_wconf 91' lang='lat' dir='ltr'>potnit</span> <span class='ocrx_word' id='word_1_235' title='bbox 758 3451 865 3532; x_wconf 81' lang='lat' dir='ltr'>ajune</span> <span class='ocrx_word' id='word_1_236' title='bbox 888 3452 1098 3514; x_wconf 88' lang='lat' dir='ltr'>ecclesiastico</span> 
     </span>
     <span class='ocr_line' id='line_1_35' title="bbox 168 3542 1102 3628; baseline 0.005 -22"><span class='ocrx_word' id='word_1_237' title='bbox 168 3542 308 3626; x_wconf 86' lang='lat' dir='ltr'>recipcre</span> <span class='ocrx_word' id='word_1_238' title='bbox 329 3542 623 3608; x_wconf 88' lang='lat' dir='ltr'>determinationem</span> <span class='ocrx_word' id='word_1_239' title='bbox 640 3562 705 3626; x_wconf 84' lang='lat' dir='ltr'>qua</span> <span class='ocrx_word' id='word_1_240' title='bbox 726 3544 897 3626; x_wconf 90' lang='lat' dir='ltr'>capitulum</span> <span class='ocrx_word' id='word_1_241' title='bbox 911 3549 1102 3628; x_wconf 87' lang='lat' dir='ltr'>temperaret</span> 
     </span>
    </p>
   </div>
   <div class='ocr_carea' id='block_1_3' title="bbox 0 0 1260 4012">
    <p class='ocr_par' dir='ltr' id='par_1_6' title="bbox 0 0 1260 4012">
     <span class='ocr_line' id='line_1_36' title="bbox 0 0 1260 4012; baseline 0 0"><span class='ocrx_word' id='word_1_242' title='bbox 0 0 1260 4012; x_wconf 95' lang='lat' dir='ltr'> </span> 
     </span>
    </p>
   </div>
  </div>
 </body>
</html>
