2546 4016
180 237 239 301 lto
390 247 621 297 inspirationes
641 246 724 314 punis
745 246 900 296 senonici.

181 395 317 472 fuorunt,
343 393 402 454 nisi
430 391 654 472 explicationes
667 390 747 474 juris
769 391 1054 476 naturamprouti
1075 391 1117 456 in

180 487 391 552 eontraotihus
407 486 457 548 vel
472 486 504 546 in
520 485 684 547 hominum
698 485 808 547 offleiis
824 485 903 549 solet
915 485 1109 566 contingere.

178 581 314 644 Mediam
331 599 405 660 ergo
425 597 608 660 sequemur,
626 581 657 640 et
671 582 836 660 sequentes
855 579 981 660 regulas
995 597 1112 660 propo·

177 692 317 829 neili'isi·
330 766 455 846 Reputo.
481 767 556 838 Quae
578 785 617 826 ex
637 764 737 826 libera
751 763 864 826 Christi
887 765 938 826 vel
961 765 1110 828 Eoolesiae

175 861 367 923 instintione
394 877 522 921 eausam
545 859 673 935 hahent,
698 858 771 920 lieet
798 857 932 922 naturali
955 857 1018 938 juri
1044 877 1112 922 non

176 954 297 1034 possint
324 971 392 1014 esse
415 952 559 1029 adversa,
576 956 682 1014 tamen
708 970 772 1012 non
798 954 929 1030 possunt
951 969 1008 1030 per
1031 951 1111 1015 illud

176 1047 317 1108 absoluta
338 1049 369 1107 et
388 1046 521 1124 positive
546 1044 766 1106 demonstrari.

215 1139 305 1200 Ratio
328 1141 364 1198 le
378 1137 478 1218 portis
497 1141 544 1199 est
574 1137 607 1197 in
628 1137 847 1199 infallibilitate
868 1137 981 1199 Christi
1003 1138 1110 1200 Eoole·

175 1231 230 1293 siae
239 1231 335 1292 etiam
348 1231 589 1295 communicata.
607 1230 697 1293 Unde
706 1231 742 1292 fit
757 1229 910 1310 quodnoo
924 1229 1037 1292 Christi
1046 1249 1108 1294 neo

174 1323 322 1386 Eoelesiae
340 1322 492 1385 institutio
517 1323 618 1404 ajune
642 1324 776 1384 naturali
803 1322 898 1402 devia
909 1341 976 1384 esse
993 1323 1103 1402 possit.

213 1417 303 1478 Ratio
318 1419 355 1478 2⁸³
369 1415 469 1497 pertis
483 1415 528 1477 sio
542 1416 675 1496 proponi
688 1417 800 1494 potest.
814 1417 1019 1488 Quantumvis
1032 1435 1108 1496 sup-

173 1514 311 1590 ponatur
329 1509 476 1588 analogia
494 1510 544 1570 vel
564 1509 730 1570 harmonia
743 1508 825 1572 inter
844 1508 987 1571 ordinem
1014 1501 1108 1594 natu-

171 1605 269 1666 ralem
287 1606 318 1665 at
338 1603 621 1683 supernaturalem,
632 1621 702 1684 quaa
714 1606 820 1667 tamen
831 1621 869 1663 ex
881 1602 982 1664 libera
995 1603 1104 1667 volun·

171 1699 234 1760 tate
259 1695 413 1776 originem
429 1696 619 1774 habuerunt,
637 1714 700 1758 non
715 1698 845 1776 possunt
859 1714 916 1776 per
930 1696 1104 1759 abstraotas

170 1789 308 1851 theorias
339 1807 359 1849 a
385 1789 481 1867 priori
514 1793 670 1870 tanquam,
691 1808 878 1872 parnenses
910 1790 1104 1853 necessarias

170 1881 382 1944 determinari.
838 1890 840 1895 ’

207 1978 238 2035 2·
258 1973 383 2054 Reputo.
400 1973 462 2035 Sed
481 1974 644 2054 supposita
660 1975 767 2055 aliqua
777 1974 912 2054 positiva
925 1974 1038 2038 Christi
1051 1978 1101 2039 vel

168 2067 313 2130 Eeolesiae
341 2067 546 2145 institutione,
575 2068 734 2148 supposito
762 2068 918 2130 etfinein
932 2087 1028 2150 quem
1052 2070 1113 2130 di·-

166 2163 326 2238 recteest,
341 2160 446 2222 media
466 2179 536 2241 quae
551 2161 606 2222 fini
618 2162 838 2243 consequendo
860 2163 1036 2226 necessaria
1049 2163 1100 2225 vel

167 2257 345 2333 opportuna
367 2257 455 2330 sunt,
476 2257 607 2333 possunt
630 2255 764 2316 naturali
785 2255 858 2336 jure
883 2255 1095 2320 determinari.

205 2346 294 2408 Ratio
306 2347 423 2426 regula
437 2346 526 2409 estin
541 2348 675 2409 naturali
690 2347 873 2410 habitudine
884 2349 934 2411 vel
945 2348 1096 2411 relatione

167 2457 261 2519 quam
283 2439 424 2500 medium
444 2440 486 2500 ad
500 2459 593 2501 suum
606 2442 702 2501 finem
720 2445 834 2519 servat.
856 2441 945 2504 Unda
959 2443 995 2503 iit
1009 2443 1094 2522 quod

164 2532 264 2611 posito
285 2535 358 2610 fine,
371 2532 440 2612 jam
454 2534 667 2614 unusquisque
686 2534 806 2596 ratione
829 2553 887 2598 sua
903 2553 1092 2615 eognoseere

161 2624 260 2704 possit
271 2625 378 2686 media
393 2643 462 2705 quaa
474 2627 514 2686 ad
528 2626 617 2687 illum
626 2631 699 2690 sunt
712 2631 898 2706 opportuna.
933 2654 937 2664 ·
983 2656 986 2664 ’

199 2721 230 2778 3·
249 2717 324 2798 itaq.
349 2719 423 2790 Quae
442 2736 517 2780 vero
529 2737 548 2780 a
561 2719 660 2781 libera
673 2720 866 2783 institutione
879 2719 1092 2800 praesoinduut

161 2809 298 2885 omnino,
315 2809 366 2870 vel
381 2810 405 2870 si
421 2811 462 2872 ob
480 2829 519 2871 ea
542 2811 732 2892 dependent,
748 2832 811 2876 non
829 2813 1008 2894 dependent
1020 2816 1091 2876 tan·

160 2920 256 2984 quam
270 2921 289 2963 a
300 2916 406 2980 eausa,
414 2904 470 2964 sed
482 2904 523 2964 ad
537 2923 695 2966 summum
702 2910 854 2988 tanquam
867 2926 887 2969 a
899 2907 1087 2984 conditione,

134 3015 143 3028 ·
161 2996 345 3076 quaposits,
357 2995 410 3076 jus
420 2997 549 3076 aliquod
557 2998 607 3058 vel
621 2998 727 3080 aliqua
739 3000 887 3079 obligatio
902 3019 960 3078 per
971 3003 1090 3064 senata

161 3092 218 3166 est,
242 3107 280 3150 ea
297 3088 423 3150 omnino
448 3089 564 3152 dehent
586 3110 643 3170 per
657 3091 810 3171 prineipia
830 3093 981 3156 naturalis
992 3092 1088 3174 juris-

160 3181 334 3260 prudentiae
346 3182 560 3246 determinari.

200 3275 289 3337 Ratio
304 3276 438 3357 estquis
453 3276 528 3357 jura
541 3278 591 3339 vel
606 3277 708 3340 offieia
722 3279 815 3360 hujus
829 3279 953 3358 generis
966 3280 1017 3342 vel
1031 3279 1087 3341 ab·

160 3367 260 3432 solute
287 3367 324 3448 (si
348 3369 594 3448 praeseindamus
614 3391 635 3433 a
657 3371 942 3454 qualibotpositiva
964 3372 1088 3436 institu-

159 3459 267 3542 tione),
297 3460 347 3524 vel
375 3462 627 3530 eonditionaliter
653 3468 806 3546 epotata,
840 3483 903 3528 non
927 3468 1001 3530 suut
1026 3465 1098 3545 nisi
