2512 4012
179 307 238 365 206
389 317 618 364 rnsrrrnrronus
639 318 720 364 vunrs
744 318 897 365 clvorucr.

222 464 303 541 Ergo
324 461 356 521 hi
378 461 495 540 gradus
514 462 728 540 auctoritatiS,
757 462 932 542 generatim
950 448 1111 541 loquendo

180 575 242 616 non
257 559 329 617 sunt
343 556 461 634 gradus
475 555 532 616 nisi
548 555 716 616 vicariatus
734 555 905 634 apostolici,
922 554 1010 634 eujus
1029 555 1115 614 indi-

181 649 263 709 cium
282 653 354 710 sunt
372 649 433 710 duo
458 648 593 727 insignia
614 647 868 710 characteristica
893 649 940 708 his
952 649 1115 727 gradihus

181 742 404 820 competentia:
417 759 492 802 non
502 761 571 820 quae
581 741 656 819 ipsis
668 741 883 801 incedentibus
892 742 1067 819 prafertur,
1081 745 1116 800 et

175 835 304 914 pallium
326 836 410 914 quod
427 853 522 914 supra
539 838 641 894 restes
656 834 850 913 pontificales
865 838 937 895 ante
959 837 1067 911 pectus
1082 837 1117 892 et

181 947 275 1007 super
303 929 451 989 humeros
472 927 701 1005 superinduunt
724 927 775 1007 qui
796 927 881 988 hisee
907 927 1116 1006 dignitatibus

184 1022 383 1083 decorantur.
780 1025 784 1032 ’

220 1114 277 1174 Hic
291 1132 359 1174 mos
373 1113 560 1191 praeferendi
584 1131 719 1190 erucem,
747 1117 781 1174 ut
796 1113 908 1192 probat
937 1112 1117 1174 'thomassi-

179 1225 239 1267 nus
250 1206 259 1285 (
270 1209 313 1266 De
324 1209 387 1267 vet.
403 1208 434 1265 et
449 1223 520 1266 nov.
535 1206 681 1266 Ecclesiae
696 1206 783 1267 disci.
798 1225 829 1285 p.
845 1210 872 1282 l,
885 1207 905 1268 l.
919 1211 948 1283 2,
963 1225 1031 1285 cap.
1047 1205 1111 1283 58),

182 1299 241 1360 fuit
249 1298 395 1377 proprius
404 1298 445 1358 ab
456 1298 640 1378 antiquitate
655 1299 750 1359 solius
759 1300 890 1361 Romani
901 1299 1068 1376 Pontifici5‚
1081 1303 1117 1358 et

180 1391 281 1470 primo
297 1409 463 1453 concessus
479 1391 517 1451 iis
532 1391 646 1470 quibus
662 1391 847 1471 dignitatem
861 1391 1040 1472 hujusmodi
1054 1391 1115 1469 ipsi

182 1479 421 1547 committebant
436 1484 568 1545 Romani
582 1483 758 1562 Pontifices,
776 1489 812 1547 ut
825 1504 950 1564 nempe,
963 1483 1118 1564 quemad-

181 1579 310 1640 modum
321 1577 589 1657 repraesentabant
602 1578 735 1638 Romani
744 1579 901 1640 Pontificis
917 1577 1114 1657 dignitatem,

180 1670 225 1732 ita
251 1671 436 1733 exteriorem
465 1670 532 1751 ejus
553 1669 724 1749 imaginem
761 1671 885 1750 populis
917 1670 1113 1730 exhiberent.

179 1764 269 1824 Unde
284 1765 402 1825 factum
424 1766 480 1841 est,
511 1767 546 1825 ut
567 1763 651 1823 idem
674 1764 748 1825 dicit
767 1764 819 1824 uhi
839 1765 878 1841 de
901 1762 1115 1824 cardinalibus

181 1856 329 1936 loquitur,
340 1856 424 1934 quod
436 1856 530 1935 legati
542 1857 702 1934 apostolici
718 1858 782 1917 fere
795 1858 938 1919 omnibus
948 1855 1115 1936 papalibus

182 1949 323 2027 insigniis
342 1948 459 2009 fuerint
472 1949 610 2028 insigniti
637 1954 671 2012 ut
689 1949 825 2028 pressius
849 1950 1043 2029 vividiusque
1063 1967 1118 2009 re-

183 2045 583 2120 praesentarentpersonam
595 2043 662 2122 ejus
674 2043 763 2124 cujus
773 2044 857 2105 vices
869 2047 1008 2124 agerent.

222 2137 288 2198 XV.
306 2135 396 2208 Quod
413 2135 541 2215 pallium
563 2140 693 2215 spectat,
712 2138 788 2198 illud
802 2137 955 2216 originem
967 2135 1116 2196 habuisse

181 2227 390 2289 eruditissime
414 2229 560 2306 probavit
573 2230 669 2292 (llam.
685 2230 764 2291 Phil.
781 2230 963 2310 Vespasiani
986 2229 1028 2310 (in
1042 2247 1118 2307 spe·

181 2319 1116 2402 cialidissertationetypispropagandaevulgataanno1856)

180 2433 243 2475 non
253 2402 294 2475 ab
308 2415 411 2494 ephod
426 2415 520 2494 lineo,
533 2419 588 2476 aut
602 2416 746 2478 rationali
762 2436 831 2498 quae
844 2418 990 2478 Summus
1010 2415 1116 2475 Ponti-

181 2508 231 2569 fex
257 2508 463 2570 Hebraeorum
489 2512 560 2570 ante
578 2513 686 2588 pectus
704 2511 858 2588 gestabat,
881 2510 936 2570 sed
954 2529 973 2569 a
990 2508 1116 2585 vulgari

180 2601 264 2663 beati
277 2602 360 2672 Petri
370 2602 476 2681 pallio,
487 2621 545 2662 nec
560 2606 690 2682 propter
699 2603 848 2680 mysticas
857 2601 1112 2682 significationes,

181 2714 238 2755 nec
257 2698 408 2774 tanquam
420 2695 598 2773 symbolum
614 2696 762 2757 secularis
774 2696 937 2776 cujusdam
953 2693 1115 2773 dignitatis

180 2787 381 2864 imperatoria
400 2788 585 2850 auctoritate
606 2807 729 2850 summo
755 2789 949 2868 pontificatui
970 2788 1111 2848 adnexa.
1205 2785 1207 2788 ’

182 2879 344 2960 Siquidem
357 2885 558 2959 sumpserunt
571 2886 693 2945 veteres
708 2883 838 2962 pallium
857 2902 912 2943 seu
933 2885 1053 2943 vestam
1063 2899 1114 2940 su·

181 2972 336 3051 perierem
348 2973 478 3053 alicujus
500 2993 642 3053 personae
657 2980 809 3056 tanquam
820 2977 998 3054 symbolum
1009 2963 1115 3035 a'ucto-

180 3066 280 3129 ritatis
301 3067 383 3128 illius
406 3085 560 3146 personae,
579 3069 622 3130 ita
640 3072 676 3130 ut
693 3088 750 3148 per
765 3068 944 3149 hujusmodi
960 3067 1115 3145 receptic-

181 3165 299 3222 namet
317 3180 409 3222 usum
424 3161 520 3223 veluti
536 3163 662 3241 spiritus
684 3166 715 3223 et
735 3163 904 3245 auctoritas
923 3161 1005 3221 illius
1025 3159 1114 3240 eujus

180 3253 309 3330 pallium
335 3255 489 3317 habuerat
517 3255 548 3316 in
578 3274 650 3316 eum
677 3257 831 3317 translata
858 3257 1051 3332 censeretur,
1080 3259 1115 3313 ut

179 3345 270 3404 facile
285 3347 442 3426 colligitur
455 3369 492 3410 ex
504 3349 653 3429 exemplis
664 3367 702 3410 ex
713 3349 842 3412 historia
854 3353 1031 3425 tumsacra,
1044 3350 1113 3410 tum

179 3439 313 3517 profana
329 3441 512 3520 desumptis

218 3533 264 3592 Ex
285 3550 346 3613 quo
365 3533 468 3596 intulit
490 3535 636 3598 laudatus
658 3541 768 3600 auctor
781 3536 998 3618 pontificatum
1013 3533 1111 3596 maxi-
