2484 4016
344 341 384 386 on
404 341 533 388 cunero
553 343 636 389 sunm
656 343 813 390 umorrcr.
985 333 1044 395 att

111 485 255 548 nasteriis
276 504 347 566 quae
373 505 433 565 per
449 486 585 548 Orientis
607 488 773 567 regiones,
794 487 933 550 Pacomii
955 507 1042 570 cura,

111 583 271 641 exstructa
293 579 437 656 fuerant,
466 583 498 641 et
520 580 601 642 adeo
627 581 836 642 inflammavit
852 582 994 660 animos,
1010 587 1046 647 nt

110 673 264 751 coeperint
275 673 370 733 etiam
382 672 434 732 hic
444 673 635 734 monasteria
648 673 738 753 erigi,
756 677 788 735 et
801 674 930 737 intanta
943 695 1044 757 quan-

109 766 208 843 titate,
229 769 267 827 ut
279 765 489 843 Hieronymus
509 767 642 826 asseruit
657 769 801 844 Romam,
827 768 886 829 sub
906 768 1042 831 haeres·

110 863 215 938 pactu,
244 862 398 939 tanquam
420 859 616 919 Hierusalem
639 860 755 920 factam
779 861 885 922 fuisse.
901 865 928 922 Α
943 865 1043 925 Roma

109 953 140 1012 in
153 952 289 1029 Italiam,
307 971 345 1012 ex
357 951 448 1012 Italia
463 952 495 1011 in
509 953 587 1014 alias
600 955 735 1032 Europae
752 957 869 1032 partae,
891 957 1041 1018 monasti-

108 1065 178 1107 cum
191 1045 369 1128 institutum
379 1049 589 1125 propagatum
602 1050 659 1109 est.

146 1141 198 1200 vl.
211 1138 321 1211 Quoad
335 1137 474 1199 indolem
484 1157 580 1219 quam
591 1139 772 1220 hujusmodi
782 1141 924 1204 instituta
934 1161 1039 1223 sump-

108 1235 214 1294 serunt
223 1250 282 1310 per
291 1231 373 1292 hanc
387 1231 553 1310 periodum
570 1253 577 1293 :

145 1327 176 1394 1⁰
197 1324 270 1387 Vita
293 1324 446 1403 regularis
465 1325 524 1386 fuit
550 1326 640 1387 unice
655 1329 909 1408 contemplativa.
936 1330 1040 1401 Quare

108 1419 272 1480 clericatus
283 1421 314 1479 et
328 1417 562 1479 monachismus
574 1423 726 1500 tanquam
737 1421 807 1482 duae
817 1439 868 1482 res
882 1420 1040 1501 incompa-

106 1511 207 1572 tibiles
222 1509 427 1589 apprehensae
438 1515 521 1572 sunt.
531 1513 856 1574 Monachismusenim
866 1514 1040 1577 eminenter

106 1603 389 1682 contemplativus,
422 1603 600 1681 solitarius,
632 1611 836 1686 segregatus3
872 1607 1038 1669 clericatus

105 1697 278 1758 eminenter
291 1697 423 1772 activus,
440 1697 511 1758 talis
523 1698 577 1777 qui
593 1699 633 1759 de
646 1717 703 1760 suo
716 1699 868 1776 instituto,
884 1700 917 1760 iu
931 1700 1035 1762 medio

104 1790 260 1852 societatis
275 1790 348 1852 etio
359 1789 515 1852 consortio
530 1791 738 1853 multitudinis
753 1793 848 1855 debet
858 1793 990 1873 reperiri
1001 1797 1036 1856 ut

104 1883 135 1944 in
146 1902 252 1946 mores
264 1883 386 1944 influat.

127 1973 128 1976 ’
142 1978 174 2040 Si
188 1977 286 2057 igitur
299 1977 473 2038 monachus
485 1977 582 2058 (quod
596 1977 777 2060 frequenter
788 1979 964 2060 eveniebat)
975 1982 1036 2042 cle·

104 2070 501 2148 ricusfieridebuisset‚seu
512 2071 828 2150 episeopusvocasset
845 2074 1036 2136 monachum

102 2165 133 2224 in
148 2163 343 2240 clericatum,
360 2182 397 2224 eo
410 2163 478 2243 ipso
493 2165 702 2226 monasticum
717 2165 896 2228 institutum
909 2171 1036 2230 natura-

102 2257 172 2319 liter
186 2257 367 2331 amittebat3
382 2262 413 2319 et
424 2257 571 2319 monachi
586 2259 691 2320 cleriei
705 2262 795 2321 erant
806 2261 904 2322 veluti
918 2263 1035 2342 regula

103 2350 247 2430 exceptio
261 2370 269 2423 ;
286 2350 358 2411 ideo
369 2354 492 2412 tantum
507 2351 539 2410 in
554 2351 736 2413 clericatum
753 2354 923 2430 assumpti,
940 2357 1037 2415 utsa-

102 2445 265 2504 cramenta
285 2443 448 2504 monachis
475 2447 604 2523 possent
628 2443 831 2519 ministrare,
854 2449 890 2505 ut
913 2444 1036 2507 hierar-

101 2537 224 2598 chicam
237 2536 418 2597 monasterii
441 2555 550 2598 curam
571 2537 725 2598 sustinere
746 2539 883 2615 possent,
908 2556 947 2598 ne
962 2557 1035 2600 cum

101 2629 289 2692 detrimento
305 2629 377 2691 vitae
396 2630 543 2691 solitaria
556 2634 588 2692 et
600 2629 850 2708 contemplative
872 2629 1035 2711 adigeren-

99 2726 149 2785 tur
162 2727 199 2786 ut
209 2722 250 2784 ad
263 2722 406 2802 publicas
421 2723 607 2786 devenirent
620 2723 779 2785 ecclesias.

137 2821 170 2879 2⁰
191 2817 313 2895 Duplex
333 2816 392 2878 fuit
414 2816 583 2879 methodus
606 2816 817 2897 prosequendi
839 2817 921 2879 hanc
934 2819 1033 2881 vitam

99 2909 272 2972 solitariam
285 2911 316 2970 et
325 2910 610 2990 :contemplativam
625 2910 812 2972 :methodus
831 2911 1033 2973 eremitarum

99 3006 129 3065 et
151 3002 322 3064 methodus
347 3002 578 3064 coenobitarum
591 3003 728 3083 propria.
747 3005 849 3076 Quare
869 3004 935 3065 vita
958 3023 1033 3066 con-

97 3096 281 3176 templativa
296 3095 449 3158 associata
463 3098 510 3157 est
524 3099 591 3156 tum
606 3096 794 3174 eremitica,
809 3100 877 3158 tum
892 3098 1034 3160 coenobi·
1133 3124 1137 3130 ·

96 3189 178 3250 ticae.
203 3191 306 3250 Locus
321 3205 415 3268 quem
431 3187 591 3250 incolebat
603 3187 667 3266 ille,
685 3188 772 3250 lauro
786 3188 960 3267 dicebatur,
977 3209 1033 3252 seu

97 3291 174 3361 ager
200 3281 330 3362 qnidam
354 3280 533 3358 distinctus,
558 3281 611 3343 ubi
636 3281 851 3363 unusquisque
872 3282 904 3342 in
919 3283 1032 3346 cellula

97 3376 257 3437 manebat.
279 3375 396 3436 Domus
420 3376 526 3435 autem
550 3375 777 3438 coenobitarum
796 3374 955 3438 cenobium
975 3394 1031 3438 seu

97 3468 305 3529 monasterium
318 3467 404 3529 dicta
418 3470 475 3529 est.

136 3564 171 3623 3⁰
192 3563 248 3624 Hae
268 3559 394 3623 iamiliae
417 3560 666 3640 coenobitarum,
693 3562 734 3625 ad
758 3560 857 3626 instar
881 3559 1031 3645 simplicis
