2514 4014
348 302 458 350 mercn
479 303 630 349 sonemus
650 304 732 350 surus
755 303 909 352 ememor.
1051 293 1089 354 77

197 450 271 510 Haec
281 447 377 508 etiam
390 445 487 508 habet
500 465 573 508 suas
587 449 726 526 species:
744 467 818 509 nam
831 449 863 510 in
886 449 991 530 specie
1012 449 1089 512 dici-

151 546 206 604 tur
219 539 370 621 depositio,
384 557 481 617 poena
495 557 564 618 quae
576 539 658 600 tollit
676 541 789 602 clerico
805 542 910 603 omnia
918 541 992 622 jure
1004 561 1090 606 com-

152 634 313 696 munionis
333 631 503 705 clericalis;
522 633 576 692 sed
590 633 651 694 duo
666 633 790 713 integra
803 635 846 694 illi
865 635 1013 715 relinquit
1024 635 1089 716 pri-

152 727 271 805 vilegia
284 743 375 805 quae,
399 729 435 786 ut
450 725 599 802 dicemus
619 729 691 787 sunt
704 725 903 807 privilegium
923 729 1040 791 conone
1058 735 1090 794 et

153 818 357 898 privilegium
378 817 451 896 scri.

193 910 379 990 Deqrodotio
405 913 511 970 autem
525 911 557 970 in
569 911 672 990 specie
687 912 889 990 distinguitur
900 913 932 973 in
947 914 1089 977 verbalem

151 1009 185 1065 et
199 1003 320 1064 realem.
340 1001 468 1063 Verbalis
490 1007 538 1064 est
561 1005 629 1083 ipsa
654 1005 808 1066 sententia
837 1005 1085 1084 degradationis;

152 1096 244 1156 realis
279 1099 325 1156 cst
354 1095 516 1156 sententiae
540 1097 691 1158 executio,
722 1095 784 1158 Sed
813 1097 845 1157 in
875 1115 912 1159 eo
942 1098 1090 1162 differunt

154 1189 263 1270 quoad
279 1191 435 1266 effectum,
449 1189 533 1268 quod
554 1191 621 1251 sola
643 1190 779 1252 verbalis
797 1191 876 1253 tollit
890 1191 1088 1272 privilegium

153 1283 233 1358 fori,
266 1281 323 1342 sed
347 1281 451 1342 adhuc
482 1283 643 1344 residuum
676 1286 723 1344 est
748 1284 860 1346 clerico
889 1285 1088 1364 privilegium

155 1375 297 1438 canonis
325 1374 426 1434 Iteolir
453 1393 528 1436 vero
550 1380 582 1436 et
603 1375 680 1436 illud
703 1375 863 1438 residuum
891 1377 1089 1458 privilegium

156 1469 255 1530 ctiam
280 1466 375 1543 tollit,
397 1466 442 1527 ita
467 1470 503 1528 ut
525 1487 665 1546 peream
689 1469 858 1530 reducatur
877 1469 1008 1531 clericus
1023 1489 1090 1532 om-

156 1562 231 1622 nino
254 1560 295 1620 ad
319 1560 572 1620 communionem
590 1561 714 1622 laicam.
737 1561 885 1638 clericae,
903 1562 960 1623 etsi
985 1564 1089 1642 quoad

157 1654 263 1714 officie
291 1670 416 1732 semper
454 1652 585 1714 clericus
618 1654 658 1715 sit
680 1671 787 1714 coram
814 1656 896 1730 Deo,
926 1657 1032 1714 tamen
1055 1658 1090 1716 ut

157 1747 290 1808 clericus
310 1763 372 1806 non
391 1745 525 1825 amplius
541 1747 675 1810 habetur
689 1748 833 1824 respectu
849 1745 890 1807 ed
907 1745 1089 1810 societatem

157 1838 412 1900 ecclesiasticam.

198 1933 278 1992 VIII.
298 1931 360 1992 Sed
375 1931 469 1992 etiam
476 1932 550 2011 jura
559 1931 683 1992 laicalia
697 1932 761 1993 tolli
775 1935 923 2011 possunt3
937 1931 1089 1994 tolluntur

157 2023 352 2100 morimonte,
368 2026 462 2103 prout
471 2024 640 2084 anathema
649 2023 851 2103 distinguitur
860 2025 900 2086 ab
911 2043 1087 2087 excommu-

157 2117 314 2177 nicatione
325 2116 437 2196 majori
453 2138 460 2178 :
473 2117 643 2196 aliquando
654 2116 737 2194 enim
747 2117 923 2195 promiscue
936 2135 1088 2196 usurpan-

156 2214 216 2270 tur.
235 2209 451 2270 Anathematis
474 2209 557 2269 enim
578 2208 685 2270 stricto
701 2227 794 2269 sensu
810 2209 925 2288 sumpti
941 2211 1083 2285 effectus,

157 2303 208 2363 ille
226 2302 341 2381 estqui
369 2303 457 2366 tollat
475 2301 625 2365 radicitus
650 2302 682 2362 in
705 2320 739 2363 se
762 2301 837 2382 jura
860 2301 1087 2364 communionis

158 2395 346 2471 christianae,
373 2394 461 2474 quasi
488 2395 628 2455 Ecclesia
651 2413 709 2473 per
731 2394 1088 2456 excommunicationem

157 2487 309 2567 majorem
337 2487 516 2566 experietur
538 2506 579 2547 an
604 2486 792 2547 christianus
817 2485 924 2547 reduci
944 2485 1042 2565 possit
1056 2485 1087 2545 in

159 2579 384 2652 ohedientiem3
413 2579 485 2639 dein
505 2583 541 2640 ut
555 2579 594 2639 de
614 2579 697 2639 illius
712 2577 914 2638 conversione
929 2578 1085 2657 desperat,

159 2671 246 2732 illum
260 2671 386 2734 omnino
405 2672 506 2734 eradit
517 2689 554 2732 ec
574 2672 675 2732 aufert
689 2662 726 2730 ex
746 2670 817 2731 albo
834 2669 1084 2746 christianorum,

160 2765 305 2844 nullaque
321 2765 349 2824 ei
356 2763 430 2844 jura
443 2764 601 2844 relinquit.

197 2859 271 2918 Haec
293 2861 399 2918 autern
423 2875 517 2935 poena
541 2855 726 2935 gravissime
751 2857 815 2929 est;
842 2855 940 2936 inlligi
965 2857 1087 2916 tantum

160 2951 236 3011 solet
249 2951 282 3010 in
296 2968 371 3010 casu
385 2949 524 3026 haeresis,
552 2951 677 3030 quando
702 2948 784 3010 facto
809 2953 914 3010 nostro
928 2950 1017 3008 extra
1029 2948 1085 3008 Ile·

125 3100 129 3110 ,
161 3043 285 3104 clesiam
308 3060 365 3105 nos
379 3042 585 3116 collocamus;
609 3040 660 3102 vel
680 3041 713 3102 in
737 3060 812 3103 casu
831 3059 941 3102 eorum
964 3037 1018 3118 qui
1030 3056 1087 3118 per

161 3152 275 3196 annum
285 3129 444 3215 integrum
466 3135 725 3211 insordescentes‚
742 3138 777 3195 ut
791 3133 914 3210 dicitur,
930 3131 996 3192 sine
1010 3149 1087 3194 mee-

160 3245 227 3290 rore
241 3229 274 3288 in
292 3227 622 3290 excommunicatione
643 3245 775 3287 censura
789 3227 1004 3302 contemnunt,
1017 3243 1087 3306 par-

161 3320 326 3398 vipendere
352 3319 409 3380 visi
432 3323 504 3380 sunt
533 3318 775 3380 ecclesiasticam
793 3317 1032 3395 auctoritatem,
1056 3321 1088 3378 et

160 3431 214 3492 per
227 3413 287 3476 hoc
301 3413 340 3473 de
356 3411 467 3472 haeresi
478 3411 614 3491 suspecti
634 3411 818 3487 redduntur,
836 3410 924 3491 quasi
939 3428 1002 3472 non
1022 3427 1087 3470 cre·

162 3505 234 3567 dant
254 3503 497 3567 ecclesiasticam
523 3502 743 3565 auctoritatem
762 3521 853 3581 posse
879 3504 949 3564 illos
972 3501 1012 3561 ab
1030 3501 1086 3561 Ec-
