2484 4016
195 275 254 338 304
411 287 644 335 rrsrrrurroues
664 287 747 334 rums
768 285 922 334 eruemur.

199 435 297 499 Tertio
311 432 471 512 categoria
491 431 730 511 comprehendit
742 431 805 494 alia
823 429 955 509 collegia
972 426 1129 490 laicorum

196 529 339 592 instituta
348 530 382 590 ut
396 525 528 608 alicujus
538 525 651 606 peculii
666 523 866 587 ecclesiastici
875 524 906 585 iu
921 520 1130 583 ecclesiarum

196 621 331 684 fabricas
341 619 543 698 impendendi
552 618 854 680 administrationem
864 616 1012 680 habeant.
1020 615 1066 674 Ile
1078 610 1129 672 his

195 714 294 777 tribus
315 711 481 791 categoriis
507 711 710 792 collegiorum
739 708 899 773 laicalium
918 707 1020 789 deque
1042 705 1130 784 ipso-

196 827 267 870 rum
282 805 459 868 differentia
472 809 503 868 et
515 805 665 866 relatione
680 803 730 866 vel
742 803 888 883 analogia
900 818 995 882 quam
1009 799 1130 862 habent

197 900 237 962 ad
251 899 383 979 collegia
398 897 595 974 elericorum,
611 898 718 979 aliqua
732 897 881 958 dicemus.

236 994 273 1054 ll.
298 992 404 1054 Prima
418 991 578 1070 categoria
592 991 719 1052 omniuo
735 989 870 1068 analoga
884 991 915 1049 et
933 985 1068 1048 relativa
1082 985 1132 1046 est

197 1085 346 1166 gradibus
357 1085 390 1144 iu
406 1101 484 1163 quos
499 1083 702 1164 distinguitur
715 1082 881 1163 pastoralis
900 1078 1079 1161 jurisdictio
1096 1078 1131 1138 in

197 1178 347 1238 Ecclesia.
382 1179 461 1240 Cum
488 1177 572 1238 enim
599 1177 666 1239 istm
691 1176 856 1238 societates
879 1174 1006 1236 laicales
1028 1169 1133 1232 conci-

197 1270 325 1352 piantur
338 1270 379 1331 ad
393 1270 492 1332 instar
506 1289 640 1350 gregum
655 1269 687 1330 in
702 1269 811 1333 ordine
825 1268 863 1329 ad
879 1271 1022 1348 pastores
1037 1282 1131 1340 suos,

198 1363 350 1425 adinstar
371 1362 510 1442 plebium
532 1362 689 1424 inordina
711 1362 751 1424 ad
773 1379 847 1424 suos
868 1359 1026 1440 principes
1039 1355 1134 1438 spiri-

197 1457 312 1534 tuales,
328 1457 401 1517 inde
423 1460 470 1517 est
494 1455 579 1535 quod
595 1455 706 1516 eadem
721 1456 917 1534 rationeque
939 1452 1046 1532 plures
1061 1452 1137 1512 sunt

198 1550 317 1630 gradus
344 1549 511 1628 pastoralis
534 1548 751 1610 sollicitudinis
778 1548 811 1608 iu
836 1545 985 1622 Ecclesia,
1000 1579 1042 1590 -
1055 1541 1137 1604 inci-

197 1643 312 1724 piendo
324 1661 343 1702 a
353 1645 443 1705 Pont.
455 1643 583 1704 Summe
594 1661 693 1721 usque
708 1641 749 1703 ad
763 1641 905 1703 infimum
915 1637 1104 1718 parochum,
1115 1655 1137 1697 a

197 1737 318 1815 synodo
334 1734 528 1797 oecumenica
537 1754 637 1814 usquc
648 1735 688 1796 ad
700 1734 857 1813 synodum
867 1732 1137 1807 dioecesanam,-

197 1831 244 1891 tot
254 1827 316 1890 sint
325 1828 479 1890 laicorum
494 1828 662 1905 consortia,
675 1831 826 1908 tanquam
838 1845 950 1908 greges
962 1825 1012 1886 vel
1024 1823 1136 1904 plebes
1233 1871 1234 1902 3

199 1922 247 1983 his
261 1921 455 1982 auctoritatis
471 1921 690 1984 ecelesiastica
705 1921 856 2002 gradibus
869 1920 1056 2000 gubernata.

237 2014 337 2096 Hujus
361 2015 486 2094 generis
508 2013 642 2093 collegia
665 2015 836 2076 maximam
857 2013 975 2074 habent
988 2010 1138 2074 similitu-

199 2108 304 2169 dinem
319 2125 391 2167 cum
405 2107 545 2186 collegiis
558 2107 617 2168 illis
636 2107 832 2169 clericalibus
847 2125 916 2188 quae
932 2105 1068 2166 diximus
1083 2123 1138 2166 or-

198 2199 280 2260 dinis
294 2199 460 2278 pastoralis
472 2219 527 2260 seu
540 2199 717 2279 legislativi.
734 2202 831 2262 Prcut
844 2199 926 2260 enim
941 2197 1139 2260 clericalium

198 2291 1137 2372 propriumestrapraesentareuniversamEcclesiamdocen-

198 2390 273 2463 tem,
288 2387 471 2465 regentem,
495 2386 737 2465 gubernantem,
754 2387 973 2466 generalemve
990 2387 1046 2446 aut
1058 2402 1139 2463 par·

198 2476 317 2556 tialcm,
334 2477 378 2540 ita
391 2478 459 2539 haec
471 2479 625 2540 laieorum
640 2479 772 2559 collegia
786 2480 1012 2558 repraescntent
1024 2478 1139 2538 Eccle-

198 2572 277 2633 siam
292 2571 475 2648 discentem,
490 2574 609 2632 rectam
623 2571 855 2652 subditamque,
869 2576 937 2633 tum
951 2570 1139 2650 generalem

198 2666 265 2725 tum
286 2664 462 2742 partialem.
479 2663 553 2726 Scla
569 2664 746 2726 differentia
758 2664 840 2727 inter
854 2663 1011 2726 clericalia
1025 2666 1056 2725 et
1075 2662 1140 2725 lai-

199 2757 289 2832 calia,
306 2757 360 2817 illa
374 2760 421 2818 est
433 2775 502 2836 quae
523 2757 662 2836 exsurgit
680 2776 719 2818 ex
739 2760 839 2820 status
853 2757 1050 2818 differentia:
1067 2758 1141 2819 cle·

198 2849 255 2910 rici
269 2849 354 2908 enim
368 2850 560 2912 conveniunt
570 2853 722 2930 tanquam
736 2855 875 2914 rectores
889 2855 920 2913 et
932 2854 1086 2930 pastoreS,
1101 2856 1141 2916 ut

195 2942 338 3023 judicent
349 2961 386 3003 ae
397 2942 582 3016 decernant3
599 2943 671 3004 laici
691 2962 765 3005 vero
778 2949 812 3007 ut
826 2945 1011 3006 clericorum
1023 2944 1140 3007 minis-

197 3036 277 3098 terio
292 3035 478 3113 subdantur,
494 3036 676 3116 magisterio
692 3040 723 3100 et
734 3037 866 3116 imperio
882 3039 1112 3118 obsequantur.
1231 3051 1232 3094 l

237 3131 288 3191 ΙΙΙ.
315 3129 460 3192 Secunda
483 3129 686 3209 collegiorum
706 3131 865 3193 laicalium
885 3131 1043 3211 categoria
1064 3149 1138 3194 non

198 3223 276 3284 adec
308 3222 458 3302 antiqua¹
477 3226 508 3284 et
535 3222 745 3285 connaturalis
773 3225 975 3287 institutionis
1010 3226 1056 3285 est
1084 3227 1139 3288 uti

196 3313 310 3391 prima.
326 3315 449 3375 Sensim
464 3315 495 3374 in
511 3315 683 3378 Ecclesiam
693 3317 882 3395 introducta,
897 3317 1068 3379 maximum
1084 3319 1138 3382 iu-

196 3408 391 3465 eremcntum
407 3425 443 3466 eo
458 3409 632 3484 praesertim
650 3427 688 3469 ex
701 3414 843 3490 tempore
856 3411 968 3473 habuit
981 3428 1043 3491 quo
1058 3429 1139 3474 cor·
1228 3433 1231 3454 ⁴

196 3494 260 3554 ruit
273 3495 404 3572 pristina
416 3498 608 3574 poenitentia
625 3501 799 3580 disciplina.
808 3504 858 3566 Ad
866 3505 1036 3567 fovendum
1050 3504 1138 3570 illud
