2514 4014
172 287 211 352 tl
380 301 611 349 msrrrormuss
632 301 714 348 runis
737 301 891 348 concolor.

175 463 232 508 nos
245 445 349 506 reddit
365 445 449 526 quod
471 445 598 525 aliquod
614 444 730 523 dogma
747 444 780 503 in
796 443 986 505 revelatione
1005 444 1110 506 conti·

154 537 161 552 ⁸
175 542 277 614 natur,
290 555 402 617 nempe
416 538 499 618 qnod
511 557 530 598 a
540 540 604 599 Deo
615 538 684 616 ipsa
696 537 746 596 lex
756 537 810 596 illa
821 536 981 614 processit.
992 539 1105 614 Porro,

177 629 302 712 qnando
321 630 381 691 hoo
401 633 538 707 constat,
555 647 619 690 non
636 632 758 690 tantum
774 628 945 705 christiani,
969 630 1024 689 sed
1039 649 1108 690 om-

177 741 232 783 nes
245 725 398 802 quotquot
412 721 543 803 subjecti
558 723 632 782 sunt
651 723 716 781 Deo
726 721 889 798 revelanti,
907 739 1015 782 omnes
1026 741 1108 802 quos

178 815 296 896 obligat
306 814 357 894 jus
377 815 518 876 divinum
537 814 722 894 positivum,
744 831 853 873 omnes
872 813 955 874 enim
970 814 1010 874 ad
1030 815 1107 874 fidei

177 925 339 970 assensum
351 907 539 986 obligantur.

218 1001 308 1064 Unde
331 1003 444 1061 natura
460 999 626 1079 singularis
644 998 750 1076 legum
769 997 1018 1077 dogmaticarum
1032 1000 1110 1062 facit

179 1097 214 1156 ut
222 1092 282 1154 illae
293 1093 387 1154 etiam
398 1095 541 1153 externos
551 1089 691 1152 societati
699 1108 756 1168 pro
765 1090 906 1169 qnalatae
918 1094 1000 1167 sunt,
1012 1090 1109 1152 ferire

179 1185 355 1248 necessario
371 1184 516 1246 debeant.
533 1185 564 1246 Si
575 1202 650 1246 vero
669 1203 675 1243 :

218 1283 250 1339 2⁰
272 1279 381 1340 Sermo
396 1277 436 1338 sit
447 1277 487 1338 de
496 1276 619 1356 legibus
635 1275 895 1354 disciplinaribus
911 1276 1110 1338 animadver-

180 1371 309 1434 tendum
320 1373 367 1432 est
380 1369 549 1450 quodlicet
562 1387 636 1430 vere
649 1371 680 1429 et
693 1368 819 1447 proprie
834 1368 966 1430 sociatas
973 1369 1112 1450 perfecta

180 1459 1111 1541 inordineecolesiasticodicinonpossitnisiEcclesiacatho-

181 1557 252 1634 lion,
263 1574 317 1617 seu
332 1555 426 1617 unica
438 1555 578 1616 fidelium
594 1554 837 1616 christianorum
854 1554 1001 1632 societas,
1021 1557 1053 1616 et
1064 1554 1111 1615 sic

181 1651 327 1713 tenentur
336 1648 495 1710 christiani
511 1665 630 1725 omnes,
649 1651 828 1710 nontamen
844 1665 952 1709 omnes
964 1647 1110 1709 omnibus

181 1743 313 1824 legibus.

221 1837 272 1898 ΙΙΙ.
297 1837 370 1895 Haec
396 1839 502 1896 tamen
526 1834 658 1896 societas
687 1833 826 1912 perfecta
852 1833 1036 1895 universalis
1064 1838 1114 1895 tot

182 1929 306 1990 uidetur
320 1930 462 1987 constare
472 1926 653 1986 minusculis
668 1925 867 1988 societatibus
881 1927 913 1987 in
929 1945 985 1988 suo
996 1945 1112 2006 genere

136 2032 138 2036 ·
177 2019 337 2100 perfectis,
361 2022 437 2098 quot
460 2021 532 2080 sunt
552 2020 708 2096 nationes,
740 2023 816 2100 quot
836 2020 1018 2098 provinciae,
1036 2023 1114 2101 quot

184 2112 334 2174 dioeceses
349 2112 577 2174 ecclesiastieae.

222 2203 406 2286 Hujusmodi
425 2205 508 2266 enim
532 2205 737 2285 particulares
756 2206 996 2286 aggregationes
1017 2205 1114 2266 chris·

183 2298 340 2360 tianorum
360 2298 564 2361 considerata
579 2299 611 2359 in
626 2299 735 2360 ordine
751 2301 791 2361 ad
805 2300 976 2361 Ecclesiam
991 2298 1115 2359 nniver-

183 2407 261 2467 sam,
279 2407 341 2451 non
356 2394 428 2453 sunt
440 2391 605 2452 societates
617 2392 775 2469 perfectae,
792 2391 849 2452 sed
864 2397 968 2471 partes
984 2391 1115 2469 amplio-

183 2483 225 2544 ris
236 2483 407 2558 sooietatis;
424 2484 818 2546 vernmsioonsidercntnr
830 2485 955 2545 interae
972 2483 1115 2544 dioecesis

185 2594 256 2636 cum
282 2576 428 2654 dioecesi,
457 2596 522 2638 una
549 2576 712 2655 provincia
737 2597 809 2638 cum
836 2579 951 2654 altera,
978 2577 1116 2657 quodam

116 2682 119 2688 ·
184 2687 277 2730 sensu
288 2670 360 2730 etin
369 2689 425 2732 suo
436 2689 551 2750 genero
562 2670 709 2748 perfectae
720 2670 781 2731 dici
793 2674 924 2750 possunt
933 2669 1116 2742 societatem

185 2761 315 2840 singnlae
330 2762 413 2822 enim
433 2762 551 2823 habent
564 2781 656 2822 suum
671 2763 840 2842 populum,
865 2781 957 2823 suum
981 2761 1115 2838 clerum,

185 2871 277 2915 suum
291 2855 448 2931 pastorem
466 2854 663 2929 distinctum3
682 2855 812 2934 singulae
825 2841 953 2935 proprio
966 2857 1119 2933 reguntur

181 2946 264 3028 jure,
281 2945 529 3024 independenter
543 2947 583 3007 ab
596 2947 703 3009 altera.

227 3040 423 3119 Quapropter
441 3039 473 3100 in
488 3040 627 3100 Ecclesia
642 3039 876 3119 distinguuntur
889 3039 975 3119 leges
994 3038 1118 3100 nniver-

186 3133 266 3194 sales
283 3150 303 3194 a
318 3132 560 3211 particularibus
578 3131 610 3192 in
629 3133 767 3210 natione,
784 3132 956 3211 provincia,
977 3131 1115 3208 dioecesi,

187 3225 289 3302 prouti
304 3226 396 3304 plura
418 3226 654 3304 distinguuntur
675 3225 830 3304 principia
850 3225 934 3285 unde
950 3224 1001 3305 jus
1019 3224 1119 3285 ecole-

187 3315 347 3377 siasticum
368 3319 519 3398 procedit.
540 3320 608 3390 Oua
630 3319 669 3379 dc
692 3337 788 3380 causa
802 3337 864 3379 non
888 3335 1053 3397 possumus
1074 3317 1119 3380 ita

188 3409 345 3489 applicare
363 3411 518 3471 theoriam
533 3412 572 3472 de
590 3411 731 3492 subjecto
748 3411 826 3490 legis
840 3411 873 3472 in
885 3429 1011 3489 genere,
1032 3409 1118 3471 casui

157 3519 160 3528 ·
188 3505 344 3579 nostro‚ut
352 3503 492 3564 dicmnus
501 3503 743 3565 christianorum
751 3503 932 3566 societatem
939 3503 1118 3581 generalem
