2484 4016
159 281 219 344 ³32
367 293 698 342 1nsururronnsrun1s
720 294 874 342 canonrcr.

199 443 230 502 2⁰
243 440 289 502 lix
300 438 353 500 illa
363 439 526 520 principali
537 441 742 503 associatione
751 437 922 518 disciplinae
934 436 1111 518 regularis

160 551 234 596 cum
249 532 407 608 clericatu,
424 533 519 594 variae
537 536 752 612 profluxerunt
765 531 998 614 modificationes
1011 531 1112 592 circa

161 628 277 688 statum
287 625 488 704 regularium.
504 628 666 706 Namque:
684 628 708 670 ¹⁰
718 626 871 688 distinctae
882 624 1109 697 suntfamiliae

83 759 94 778 .
162 717 352 797 regularium
374 718 406 778 in
419 718 497 780 duas
518 719 643 796 classes,
661 737 794 800 quarum
815 719 908 780 aliam
921 721 1110 779 teuumunt

161 809 276 887 clerici,
292 810 386 871 aliam
397 810 480 872 laici.
498 811 607 873 Clerici
622 817 773 892 tanquam
787 815 892 890 patres
905 811 990 872 intra
1004 809 1109 870 fami-

158 904 233 965 liam
247 904 439 983 regularium
451 905 603 967 nobiliora
615 905 829 968 sustinuerunt
839 904 1017 982 cfficiapro.
1027 921 1108 964 mo·

161 997 370 1059 austeriorum
384 997 651 1060 administratione
664 1018 671 1072 ;
688 998 758 1059 laici
776 1017 848 1059 vero
863 1013 917 1058 seu
934 995 1103 1071 conversi,

162 1094 312 1170 anquam
327 1090 438 1151 fratres
452 1091 593 1171 ejusdem
606 1091 743 1168 familiae,
755 1090 953 1152 inferioribus
974 1088 1105 1149 manci-

162 1183 228 1262 pati
244 1189 316 1244 sunt
330 1181 510 1245 ministeriis
524 1203 581 1263 pro
596 1186 690 1246 totius
703 1185 829 1245 familia
846 1183 990 1245 utilitate.

206 1277 233 1320 ²⁰
254 1275 387 1355 Integra
403 1279 595 1355 regularium
609 1278 749 1354 familiae,
769 1297 805 1338 ex
820 1281 909 1356 parte
926 1274 1102 1351 nobiliori,

166 1367 370 1431 consideratae
390 1373 463 1431 sunt
473 1370 759 1451 tanquam'familiae
773 1369 944 1446 clericales,
958 1368 1104 1448 ideoque

164 1459 309 1522 admissae
336 1462 367 1522 iu
396 1462 666 1541 participationem
694 1462 834 1545 omnium
857 1460 1102 1542 privilegiorum

165 1571 236 1632 quse
249 1557 338 1616 erant
351 1558 449 1634 status
464 1555 616 1616 clericalis
630 1556 768 1637 propria.
788 1558 853 1617 Imo
867 1574 904 1616 ex
926 1553 1097 1632 analogia,

165 1645 277 1707 eadem
293 1647 457 1726 privilegia
478 1648 571 1709 etiam
595 1647 636 1709 ad
662 1649 813 1710 moniales
834 1647 978 1710 traducta
1002 1649 1096 1721 sunt,

163 1739 237 1801 licet
246 1743 345 1801 status
359 1741 510 1802 clericalis
521 1741 711 1822 suscipiendi
724 1743 889 1820 incapaces
903 1743 1016 1801 essent.

207 1833 233 1876 ³⁰
254 1833 420 1894 ordinaria
435 1853 509 1914 ergo
529 1835 612 1896 facta
631 1840 677 1896 est
698 1833 854 1896 distinctio
872 1835 954 1894 inter
973 1832 1097 1892 clerum

166 1924 341 1985 secularem
372 1930 403 1987 et
426 1927 613 2007 regularem.
639 1929 708 1989 Non
734 1927 818 1988 enim
844 1927 1007 1988 clericatus
1035 1941 1095 2004 pro

166 2016 320 2079 monacho
335 2018 394 2080 fuit
404 2019 537 2098 amplius
548 2021 700 2100 exceptio,
713 2020 816 2099 prouti
834 2019 935 2098 prima
948 2018 1093 2098 periodo,

167 2127 225 2170 nec
234 2110 433 2189 fuitamplius
444 2131 494 2172 res
505 2113 679 2174 communis
690 2112 828 2193 quidem,
839 2113 894 2173 sed
906 2112 1093 2187 accessoria,
1150 2119 1154 2124 '

168 2202 331 2264 clericatus
345 2221 402 2282 pro
417 2205 592 2282 monacho,
610 2206 713 2284 prouti
727 2205 760 2265 in
776 2205 933 2282 secunda,
957 2204 1012 2266 sed
1036 2203 1097 2265 fuit

166 2313 216 2357 res
231 2295 421 2376 principalis,
438 2297 469 2359 vi
481 2297 692 2360 institutionis.
709 2299 755 2360 Ex
768 2298 920 2377 instituto,
933 2315 1045 2376 nempe
1061 2300 1097 2357 ut

168 2388 321 2468 regularis
341 2394 423 2452 esset
438 2390 585 2468 clericus,
604 2397 635 2452 et
649 2390 752 2470 prouti
765 2391 904 2452 instituta
916 2390 1042 2451 luerunt
1055 2389 1095 2450 ab

166 2481 306 2544 Ecclesia
326 2487 453 2562 recepta
467 2487 498 2546 et
511 2485 699 2563 approbata,
718 2484 786 2563 ipsa
807 2483 946 2544 Ecclesia
961 2481 1096 2555 ‚admisit

168 2573 250 2639 hauc
261 2575 453 2637 ordinariam
466 2576 781 2638 distinctioneminter
790 2577 908 2637 clerum
918 2575 1094 2654 regularem

168 2671 199 2728 et
215 2668 332 2728 clerum
354 2671 539 2731 secularem.
562 2670 670 2732 Solum
686 2668 789 2730 clerici
807 2669 967 2748 regulares
987 2667 1019 2727 iu
1045 2685 1096 2729 or-

157 2758 241 2820 dine
270 2760 310 2820 ad
334 2762 464 2823 elericos
490 2762 646 2824 seculares
665 2780 788 2840 semper
814 2765 964 2840 tanquam
990 2759 1095 2822 cleriei

168 2852 346 2914 subsidiarii
361 2855 419 2916 visi
439 2859 528 2932 sunt,
550 2855 703 2935 siquidem
716 2872 773 2933 pro
792 2854 829 2915 iis
842 2854 1005 2916 clericatus
1019 2854 1096 2914 reci·

170 2945 315 3024 piebatur
325 2953 476 3027 tanquam
489 2949 696 3010 accessorium
715 2948 843 3026 regulae.
859 2949 993 3008 Tantum
1004 2965 1096 3009 cano·

169 3038 230 3098 nini
254 3039 414 3118 regulares
432 3060 493 3102 non
513 3045 586 3103 suut
605 3041 792 3102 considerati
819 3044 971 3121 tanquam
992 3040 1095 3102 clerici

170 3131 364 3209 subsidiarii,
388 3133 461 3214 quia
484 3153 541 3213 pro
565 3135 602 3195 iis
622 3152 684 3195 non
704 3133 868 3195 clericatus
886 3133 1021 3214 regula,
1042 3133 1096 3196 sed

170 3225 280 3304 regula
295 3226 453 3288 clericatui
465 3230 648 3289 accesserat.

209 3320 241 3378 3⁰
261 3319 322 3378 Per
344 3318 425 3380 banc
448 3321 611 3399 periodum
634 3321 773 3382 securior
800 3321 891 3382 simul
914 3324 945 3382 et
967 3321 1097 3400 rigidior

170 3409 253 3469 faeta
272 3413 319 3469 est
338 3411 501 3490 disciplina
515 3413 677 3492 regularis.
693 3413 846 3488 Securior,
863 3414 938 3494 quia
948 3414 1097 3493 requisita

172 3501 218 3558 est
229 3500 375 3562 Ecclesia
390 3504 523 3580 positiva
535 3506 718 3584 approbatio
731 3507 772 3568 ad
786 3507 847 3569 hoe
856 3511 891 3570 ut
904 3524 1003 3570 novus
1018 3508 1095 3570 ordo
