2484 4016
367 283 406 328 oe
427 281 556 330 opsecro
576 251 659 328 cunis
686 281 841 328 canorum.
1009 269 1068 332 289

138 426 263 490 Domini
277 427 473 488 offerendum
487 425 642 488 accessuri
660 425 732 504 sint,
743 429 784 514 ,Ul
799 430 886 506 patet
900 445 937 488 ex
955 427 1071 489 consti·
1143 485 1145 490 ,

138 521 260 584 tutione
275 521 324 582 Eo
338 520 442 602 quivis,
460 525 520 582 etc.

179 617 232 676 XI.
243 617 289 694 Er
299 614 347 675 his
362 612 526 694 sequentia
540 612 695 692 principia
707 613 862 674 deducere
881 631 1069 695 possumus:

182 713 213 770 l⁰
235 711 329 770 Amat
342 711 373 768 et
391 707 477 786 cupit
496 706 636 768 Ecclesia
652 706 829 767 caelibatum
850 708 990 768 omnium
1013 708 1094 768 cle-¹

140 803 291 879 riccrum,
308 803 364 862 aut
377 817 453 862 vcro
463 799 554 881 jubet
564 803 595 861 et
608 799 704 878 exigit
720 818 775 878 pro
795 800 957 863 ordinibus
974 797 1074 882 mejo-

140 897 240 971 1ibus,
264 893 380 974 quippe
395 892 550 954 nobiliora
566 892 688 954 obtinet
708 891 902 970 ministeria,
922 896 954 956 et
969 892 1001 954 in
1025 893 1075 954 his

140 987 293 1051 clericalis
309 989 407 1048 status
423 987 637 1047 confirmatur.

181 1086 214 1142 20
234 1079 292 1140 Hic
302 1079 462 1141 caelihatns
477 1078 502 1139 si
518 1079 735 1141 consideratur
746 1078 898 1141 inordina
911 1080 951 1141 ad
969 1079 1077 1143 matri-

143 1173 286 1236 monium
300 1172 569 1249 contrahendum,
587 1171 663 1234 illud
678 1172 826 1253 prohibet
837 1177 902 1234 tam
919 1175 952 1234 in
972 1193 1078 1254 graeca

141 1285 238 1349 quam
248 1267 279 1326 iu
294 1266 402 1328 latina.
426 1265 498 1328 Sive
514 1265 597 1326 enim
612 1265 734 1344 leticie,
751 1265 816 1328 sive
831 1269 942 1346 graecis
957 1267 1077 1329 clericis

143 1360 318 1442 majoribus
332 1359 506 1420 ineundum
525 1359 762 1420 matrimonium
776 1360 983 1422 interdicitur.
1005 1361 1079 1423 Sola

144 1455 214 1516 haec
223 1456 271 1515 est
279 1453 465 1530 differentia,
474 1453 558 1532 quod
570 1453 638 1514 haec
646 1451 815 1532 prohibitio
827 1452 1079 1533 sitimpedimen-

143 1552 212 1611 tum
238 1546 364 1607 irritans
392 1546 424 1606 in
452 1546 591 1606 Ecclesia
615 1546 824 1624 occidentali,
857 1547 975 1627 inqua
1002 1548 1079 1610 ordo

145 1659 237 1704 sacer
259 1639 521 1718 impedimentum
543 1639 702 1702 constituit
716 1643 781 1701 tam
805 1639 995 1719 impediens,
1015 1643 1081 1702 tam

144 1733 296 1796 dirimens
305 1731 555 1805 matrimonium
569 1731 676 1792 dehac
690 1735 796 1794 autem
805 1732 835 1794 vi
846 1732 981 1794 irritanti
995 1732 1080 1812 apud

148 1830 276 1890 Graecos
288 1825 460 1887 dubitatur.

187 1923 219 1983 3ο
241 1919 273 1982 Si
289 1919 449 1981 caelibatus
461 1917 512 1979 hic
525 1917 742 1980 consideratur
756 1919 789 1979 iu
804 1919 913 1981 ordine
930 1919 970 1980 ad
989 1935 1081 1980 usum

147 2011 351 2089 matrimonii,
360 2011 736 2091 eademestquamletinae
750 2030 846 2092 quam
855 2030 967 2092 graecae
977 2013 1082 2074 Eccle-

148 2108 204 2170 siae
219 2105 383 2185 disciplina
403 2106 507 2185 quoad
524 2122 707 2184 supremum
717 2105 902 2167 hierarchiae
920 2107 1080 2186 gradum,

148 2219 263 2279 nempe
289 2197 515 2278 episcopatum.
541 2196 684 2261 varietas
704 2202 810 2260 autem
826 2202 874 2260 est
894 2201 976 2261 circa
991 2219 1083 2262 usum

148 2292 332 2372 nuptiarum
340 2291 542 2370 presbyteris
553 2290 685 2370 aliisque
694 2291 757 2372 maj
762 2291 867 2353 oribus
882 2292 1002 2354 clericis
1015 2311 1083 2372 per-

148 2385 349 2448 mittendum.
367 2386 403 2445 lu
427 2384 567 2444 Ecclesia
582 2383 695 2461 latina,
714 2383 858 2445 omnihus
877 2385 998 2446 clericis
1014 2403 1085 2446 ma-

146 2478 292 2560 joribus,
310 2476 510 2558 nuptiarum,
528 2477 622 2538 etiam
645 2479 718 2539 aute
739 2477 984 2556 celebratarum,
1008 2497 1083 2539 usus

151 2571 279 2634 omnino
290 2570 503 2644 interdicitur3
515 2569 706 2649 permittitur
723 2574 827 2631 autem
837 2588 933 2648 penes
946 2573 1080 2648 Graece,

153 2665 324 2728 dummodo
342 2664 382 2724 ab
402 2681 439 2725 eo
461 2663 639 2727 abstineant
656 2663 767 2724 saltem
780 2665 906 2744 quando
928 2665 968 2726 ad
992 2682 1083 2724 sacra

152 2757 306 2838 mysteria
319 2755 436 2818 dehent
448 2757 609 2818 accedere.

503 2929 671 3006 TITULUS
694 2932 731 2993 ll.

455 3091 494 3138 on
522 3093 618 3158 ,srrrn
651 3092 781 3142 mictu.

191 3245 214 3310 l.
239 3249 345 3309 Status
358 3240 494 3318 laicalis,
510 3237 601 3301 sicuti
612 3243 659 3302 est
676 3239 825 3302 relativus
839 3235 932 3301 statui
948 3236 1083 3302 clericali

150 3343 263 3423 (status
273 3337 358 3400 enim
371 3335 522 3396 clericalis
533 3333 734 3412 magistratus
744 3333 828 3411 dicit,
846 3334 996 3412 populum
1010 3351 1084 3395 vero

148 3433 294 3512 laicalis),
306 3430 430 3509 itajura
441 3431 472 3489 et
483 3427 587 3488 officia
601 3430 700 3488 status
711 3426 840 3505 laicalis,
850 3447 908 3506 per
917 3427 1085 3508 oppositio-

149 3538 225 3592 ne'm
237 3525 357 3607 jurium
367 3527 398 3586 et
408 3521 581 3610 officiorum
598 3523 696 3585 status
707 3520 869 3600 clericalis,
882 3521 973 3582 facile
985 3522 1086 3584 deter⁴

207 3633 272 3682 nou.
291 3635 312 3675 ι.
955 3615 987 3674 17
1054 3651 1055 3656 κ
