2512 4012
169 313 227 375 ou
377 328 607 376 usurpaturus
628 331 710 376 Junrs
733 327 887 376 concuret.

170 491 225 552 pro
242 472 391 535 nationali
405 473 456 535 vel
481 473 676 553 provinciali,
702 474 882 553 patriarcha
896 473 946 534 vel
967 474 1098 553 primas,

170 585 226 626 seu
242 566 457 644 metropolita3
475 584 531 645 pro
547 567 737 642 dioecesana,
751 567 927 646 episcopus,

210 657 273 718 Sed
284 676 347 718 non
363 661 410 718 est
422 659 532 719 eadem
542 659 751 738 praesidentiae
766 660 813 720 vis
826 678 922 738 qnam
935 660 1053 720 habent
1065 660 1099 720 hi

170 769 279 812 omnes
295 750 327 810 in
342 769 399 811 sua
411 751 532 829 synodo
547 753 731 831 respective.
750 755 828 811 Nam
844 755 1002 812 Romanus
1016 755 1101 812 Pon-

170 844 245 906 tifex
260 843 408 922 praesidet
420 845 540 922 synodo
551 846 691 924 generali
701 849 851 924 tanquam
868 845 978 905 Pastor
996 851 1100 922 pasto-

170 955 252 1013 rum,
266 941 416 1016 tanquam
428 937 479 997 ille
495 939 579 998 solus
590 940 644 1017 qui
658 938 724 998 sino
740 936 860 1015 synodo
880 938 983 997 omnia
993 942 1101 1014 posset

170 1034 202 1092 et
215 1030 281 1090 sine
296 1048 358 1109 qno
371 1031 510 1108 synodus
523 1024 600 1091 nihil
614 1034 729 1110 posset.
746 1033 917 1108 Propterea
936 1034 1008 1090 sunt
1030 1031 1101 1108 qui-

171 1123 242 1182 dem
257 1123 363 1182 caeteri
375 1127 517 1200 pastores
527 1122 651 1203 judices
665 1123 697 1183 in
715 1123 852 1201 synodo;
870 1121 924 1183 sed
940 1121 984 1182 ita
997 1123 1099 1202 ligan-

169 1218 221 1276 tur
232 1213 519 1294 superiorijudioio‚
534 1219 568 1276 ut
578 1217 741 1277 sententiae
753 1216 904 1294 ipsorum,
919 1215 945 1275 si
954 1215 994 1275 ob
1006 1215 1100 1275 unius

169 1307 339 1385 superioris
365 1307 543 1385 discrepent
565 1308 737 1383 sententie,
760 1307 847 1368 nulla
868 1307 960 1368 datur
978 1308 1036 1366 vis.
1062 1310 1098 1369 ln

169 1403 293 1461 tentum
307 1400 422 1479 quippe
435 1404 508 1461 sunt
520 1400 643 1481 judices
657 1401 696 1461 de
714 1401 808 1460 rebus
822 1401 977 1460 universae
992 1400 1100 1460 Eccle-

170 1494 224 1554 siae
245 1494 442 1572 inquantum
462 1512 534 1554 cum
549 1513 696 1573 supremo
711 1497 838 1572 pastore
858 1494 1049 1570 conspirant,
1068 1496 1100 1554 et

170 1605 241 1647 erun
254 1585 321 1666 ejus
336 1587 496 1647 voluntate
510 1586 754 1647 identificantur.

207 1678 358 1740 Praesidet
381 1682 486 1740 autem
514 1679 679 1758 episcopus
705 1678 737 1738 in
765 1678 887 1756 synodo
914 1677 1097 1738 dioecesano

169 1776 321 1852 tanquam
333 1773 417 1832 solus
431 1777 539 1850 pastor
551 1772 631 1834 inter
645 1771 778 1834 vicarios
789 1790 871 1832 suos·
889 1771 978 1834 Unde
993 1770 1098 1832 clerici

41 1919 45 1928 .
169 1864 201 1924 in
227 1864 408 1944 hujusmodi
444 1864 571 1942 synodis
604 1865 707 1944 potius
739 1863 971 1924 consiliariorum
994 1868 1100 1941 partes

169 1959 283 2038 gerunt
309 1974 404 2036 quam
422 1956 587 2048 judicum..
611 1960 674 2018 Neo
713 1957 877 2036 episeopus
908 1955 1099 2018 vicariorum
1250 2029 1251 2034 γ

169 2067 297 2110 suorum
311 2049 464 2110 sententia
479 2049 570 2130 ligari
584 2053 697 2129 potest.

209 2144 326 2204 Praeest
338 2146 444 2203 autem
456 2141 646 2222 patriarcha,
664 2143 781 2222 primas
791 2143 842 2203 vel
856 2143 1054 2221 metropolita
1069 2143 1101 2203 in

169 2235 290 2312 synodo
307 2235 457 2295 nationali
474 2236 522 2297 vel
541 2235 736 2314 provinciali,
754 2254 812 2296 nec
823 2238 975 2314 tanquam
993 2240 1103 2313 pastor

168 2329 341 2406 pastorum,
362 2346 421 2389 nec
436 2329 534 2390 multo
549 2329 650 2408 magis
665 2333 701 2389 ot
721 2328 805 2389 solus
819 2332 936 2406 pastor,
960 2329 1015 2388 sed
1029 2333 1101 2390 tan-

168 2439 262 2502 quam
285 2424 393 2500 pastor
409 2421 554 2501 princeps
575 2419 815 2501 interaequaleS‚
833 2420 885 2500 qui
903 2425 978 2481 tunc
992 2440 1049 2500 per
1063 2441 1098 2482 se

166 2515 337 2577 nonhabet
351 2516 570 2578 auctoritatem
589 2515 684 2575 totius
699 2514 823 2592 synodi,
841 2513 922 2575 siout
937 2516 1099 2575 Romanus

166 2608 309 2670 Pontifex
319 2608 350 2668 in
369 2609 501 2670 concilio
517 2606 667 2686 generali,
684 2607 733 2666 vel
750 2606 914 2684 episcopus
930 2605 962 2666 in
976 2607 1098 2684 synodo

167 2701 360 2773 dioecesana3
375 2700 432 2760 sed
447 2700 510 2761 imo
525 2695 746 2778 totius'synodi
764 2699 926 2760 sententiae
939 2698 1099 2778 subjectus

167 2791 311 2854 habetur.
331 2794 502 2870 Propterea
525 2791 618 2871 hujus
632 2791 744 2870 synodi
763 2791 920 2852 sententia
934 2809 996 2852 non
1013 2791 1099 2869 oapi-

165 2888 217 2946 tur
239 2903 277 2944 ex
292 2884 461 2945 concordia
475 2903 546 2945 oum
563 2883 781 2963 suffraganeis,
796 2883 899 2962 prouti
916 2884 948 2943 in
964 2884 1097 2944 concilio

165 2977 303 3056 generali
328 2975 518 3053 verificatur,
550 2995 607 3037 neo
624 2995 661 3036 ex
685 2977 751 3038 sola
778 2976 899 3054 praelati
920 2976 1094 3054 volontate,

166 3069 254 3130 sicuti
274 3068 306 3128 in
332 3069 453 3147 synodo
473 3069 667 3141 dioeoesana;
692 3068 747 3130 sed
766 3069 807 3130 ad
827 3069 978 3147 placitum
1004 3071 1098 3130 also-

163 3163 263 3222 lutum
286 3164 570 3242 suffraganeorum,
597 3162 683 3242 quod
706 3161 954 3241 independenter
980 3182 999 3224 a
1022 3166 1096 3224 voto

164 3255 332 3333 superioris
354 3259 559 3336 representat
580 3255 692 3334 synodi
716 3256 926 3332 voluntatem,
954 3259 1022 3317 tota
1047 3273 1095 3315 re-

162 3350 261 3410 fertur
274 3349 321 3410 vis
336 3350 511 3412 decretoria
525 3347 704 3428 hujusmodi
726 3351 910 3409 conventus.

204 3446 237 3501 2⁰
259 3443 400 3521 Requirit
423 3445 491 3505 haec
512 3440 681 3503 celebratio
711 3444 745 3500 ut
769 3459 877 3502 omnes
892 3439 1091 3516 conveniant,

164 3536 199 3592 ut
215 3536 263 3593 tot
278 3533 340 3594 sint
353 3553 483 3596 numero
499 3534 547 3593 vel
563 3523 641 3594 tanti
653 3530 803 3610 dignitato
822 3535 965 3611 pastores
978 3550 1090 3596 conve

1248 3837 1251 3968 i
