2512 4012
380 325 420 373 en
441 325 569 374 osrncro
589 325 671 374 rums
693 327 847 374 canorum.
928 354 931 359 -
1019 311 1077 374 219

150 471 187 536 sit
219 474 258 535 de
293 473 408 535 abbate
440 470 609 552 improprie
638 471 763 551 nullius)
789 473 840 534 vel
864 491 963 552 prope
989 470 1077 552 cnjus

148 568 309 630 dioecesim
333 566 369 646 (si
394 566 433 626 de
457 566 570 626 abbate
590 565 716 645 proprie
733 565 858 644 nullius)
878 565 1078 629 abbatiesite

147 665 203 738 est,
224 658 428 740 praesumptio
448 675 573 737 semper
591 663 720 737 statpro
749 659 894 737 episcopo
918 662 949 720 et
972 658 1078 719 abbati

145 753 305 815 contraria
325 752 469 812 hebetur.
494 753 574 811 Nam
587 755 708 830 pugnat
722 751 774 812 hie
792 751 991 830 privilegium
1006 771 1077 812 curn

143 847 226 926 lege,
252 844 392 924 exceptio
412 862 484 905 cum
502 843 623 922 regula,
643 844 676 904 id
692 845 776 924 quod
795 845 1077 906 extraordinarium

20 949 22 1046 L
145 944 194 1001 est
212 957 285 1000 cum
302 937 355 999 illo
380 938 465 1017 quod
484 939 531 997 est
553 937 757 998 ordinarium.
783 939 949 1016 Nunquam
972 941 1078 1000 autem

145 1031 347 1095 censendum
364 1032 411 1090 est
432 1029 494 1108 legi
516 1029 611 1090 fuisse
627 1029 813 1109 derogatum
831 1029 890 1090 nisi
912 1032 1019 1108 aperte
1038 1030 1077 1090 de

146 1125 208 1186 hac
222 1123 404 1202 exceptione
419 1125 550 1184 constet.
568 1123 657 1184 Unde
667 1124 703 1183 fit
715 1123 799 1203 quod
811 1120 988 1184 auctoritati
999 1123 1078 1202 epis-

27 1223 32 1242 '
148 1218 218 1297 copi
240 1216 291 1278 vel
315 1215 485 1277 dioeoeseni
509 1216 559 1277 vel
580 1215 702 1276 finitimi
724 1215 897 1295 respective
912 1235 950 1277 ea
974 1216 1079 1278 omnia

148 1312 349 1374 reserventur
369 1327 439 1389 quae
463 1312 571 1387 aperte
595 1327 658 1370 non
686 1309 940 1372 demonstrantur
972 1309 1077 1370 abheti

20 1416 21 1424 ’
149 1406 339 1483 competere.
356 1403 416 1463 Pro
432 1402 578 1481 episcopo
588 1401 741 1462 fundatur
753 1402 955 1481 presumptio
967 1402 1077 1482 injure

150 1495 319 1560 communi.
337 1495 443 1556 Abbas
463 1513 538 1556 vero
562 1497 684 1556 tanturn
695 1498 799 1573 potest
812 1495 844 1554 in
861 1513 918 1556 sue
935 1494 1079 1574 jurisdic-

149 1591 233 1654 tione
254 1589 407 1668 proficere
433 1591 585 1668 quantum
602 1587 682 1668 juris
697 1587 823 1648 habeta
844 1587 1078 1667 prascriptione

149 1685 198 1745 vei
212 1703 232 1745 a
246 1681 410 1761 privilegio
423 1684 532 1766 eontra
547 1681 729 1760 episcopum
740 1680 791 1741 vei
805 1680 1019 1742 dioecesanum
1028 1680 1078 1740 vel

148 1776 316 1838 finitimum
327 1774 510 1853 respective.
525 1775 580 1835 iile
590 1777 696 1836 autem
707 1773 822 1834 dicitur
831 1773 980 1835 finitimus
990 1772 1079 1852 cujus

148 1867 281 1932 ecclesie
293 1867 482 1929 cathedralis
491 1867 662 1947 proximior
667 1871 723 1929 cst
731 1885 796 1946 prae
808 1867 928 1930 caeteris
940 1865 1078 1928 eccleeiae

149 1961 308 2039 abbatiali,
325 1963 507 2039 computata
520 1960 667 2022 distantia
682 1980 720 2021 ex
730 1960 789 2024 viis
801 1959 976 2023 ordinariis.

188 2055 271 2118 Satis
284 2072 341 2134 pro
354 2054 467 2114 harum
479 2053 708 2115 institutionum
723 2055 850 2117 modulo
863 2055 902 2115 de
916 2055 975 2116 hec
984 2051 1080 2134 juris-

149 2148 285 2210 dictione
307 2146 396 2228 quasi
417 2146 584 2226 episcopali
610 2165 679 2228 quoe
694 2147 787 2209 elicui
796 2147 865 2210 sedi
878 2148 1001 2208 adnexa
1019 2149 1076 2208 est.

148 2242 281 2322 Reliqua
290 2255 360 2320 qua
373 2240 412 2311 de
429 2239 489 2301 hac
507 2259 541 2300 re
561 2240 712 2320 disputari
723 2246 855 2321 possent
864 2241 905 2322 (v.
922 2261 953 2322 g.
971 2240 1075 2322 quoad

148 2336 311 2397 conflictus
333 2333 415 2395 inter
438 2333 602 2414 episcopos
635 2338 667 2396 et
686 2334 828 2413 abbates)
851 2335 1014 2414 pertinent
1035 2333 1075 2394 ed

146 2427 342 2507 superiorem
357 2441 513 2488 canonum
528 2426 734 2506 disciplinam.

145 2593 182 2636 lv.
196 2593 227 2635 De
241 2589 310 2636 altera
318 2590 378 2646 quusi
388 2590 503 2647 episcopali
515 2589 675 2647 jurisdictione,
687 2602 734 2645 quae
746 2589 849 2634 videiicet
858 2589 909 2632 uuili
918 2579 1075 2642 sediedtuerct,

454 2671 491 2702 seu
505 2657 532 2702 de
545 2658 630 2701 vicariis
641 2657 770 2714 apostolicis.

186 2797 297 2862 XXIV.
314 2796 586 2871 Quemadmodum
597 2794 772 2878 jurisdictio
794 2796 1075 2876 supraepiscopeiis

145 2891 314 2972 aliquando
325 2890 451 2952 sedibus
462 2890 611 2966 adhaeret,
625 2890 793 2970 aliquando
803 2891 944 2970 personis
958 2890 1074 2952 directe

146 2985 363 3063 committitur,
381 2984 425 3046 ita
437 2987 469 3046 et
479 2983 655 3063 jurisdictio
668 2985 756 3063 quasi
770 2983 965 3062 episcopalis.
981 2983 1074 3054 Quasi

144 3077 271 3140 sedibus
285 3078 448 3139 adh'aerere
462 3076 588 3138 videtur
600 3075 735 3154 dignitas
750 3077 915 3149 abbatum3
933 3076 1074 3154 personis

145 3175 251 3234 autem
288 3171 405 3232 directe
433 3168 648 3232 ‘committitur
678 3168 853 3249 jurisdictio
885 3167 1074 3230 vicariorum

143 3265 397 3345 apostolicorum,
415 3264 454 3324 de
469 3263 582 3344 quibus
596 3279 690 3322 nunc.
781 3255 782 3260 ’

185 3357 249 3422 Sed
271 3357 323 3419 hic
342 3357 468 3419 nomine
486 3355 594 3418 vicarii
618 3353 779 3434 apostolici
794 3371 857 3416 non
871 3353 1072 3435 intelligimus

144 3445 234 3514 illum
246 3450 471 3514 ‘ecclesiastica
479 3449 679 3512 auctoritatis
697 3447 831 3530 gradum
846 3449 898 3530 qui
920 3449 1072 3528 originem

146 3543 235 3612 dedit
244 3545 356 3628 legatis
368 3544 459 3608 netis,
475 3546 554 3606 Nem
568 3543 610 3606 ilii
621 3542 729 3606 vicarii
743 3542 903 3625 apostolici
915 3542 1074 3616 hebebant
