2484 4016
347 287 387 332 ns
409 285 539 333 onrncro
558 287 642 334 murs
663 287 819 336 circulor.
993 279 1054 341 303

102 427 179 490 dem
190 430 311 508 praeter
319 428 372 509 jus
387 428 589 507 defendendi,
606 431 668 491 alia
682 432 774 510 plura
783 432 850 495 sive
861 433 1047 512 hononllca,

103 524 173 584 sive
184 521 286 598 utilia,
304 521 371 583 sive
385 540 530 599 onerosa,
544 523 705 603 importat.
718 527 764 586 lix
774 527 888 608 quibus
903 527 1049 590 omnibus

101 615 232 695 juribus
246 615 296 676 vel
306 615 498 693 honorificis,
512 617 562 677 vel
575 618 761 696 commodis,
782 621 832 680 vel
846 622 996 698 onerosis,
1013 622 1048 683 il·

103 709 1047 793 ludpraestantissimumestquodpossintpraesentareperso·

104 821 183 862 nam
196 801 301 862 eleuci
315 803 368 882 qui
382 802 414 862 in
425 803 528 864 officio
540 821 630 864 sacro
640 805 681 864 ab
694 804 841 883 episcopo
852 805 1044 885 instituatur,

103 894 265 975 siquidem
281 895 342 956 hoc
356 915 422 974 prae
437 897 558 957 caeteris
573 897 719 958 omnibus
738 897 910 975 proximius
924 900 1047 963 accedit

104 987 256 1049 Ecclesiae
275 987 508 1069 jurisdictioni,
525 992 558 1050 et
570 989 723 1052 indirecte
735 989 906 1068 importare
921 993 1047 1054 videtur

105 1081 249 1160 aliquam
260 1085 385 1160 partem
398 1081 675 1144 administrationis
690 1083 837 1144 Ecclesia
858 1104 864 1144 :
882 1103 944 1165 quo
961 1086 997 1148 fit
1013 1089 1046 1148 ut

105 1174 226 1253 passim
241 1177 385 1236 auctores
394 1174 447 1255 jus
460 1177 643 1254 patronatus
657 1175 808 1237 definiant
820 1197 827 1237 :
840 1176 893 1257 jus
907 1197 1046 1258 prasen-

104 1267 194 1335 tandi
207 1268 357 1328 clericum
373 1268 414 1329 ad
429 1268 618 1329 beneficium
631 1287 760 1346 vacans,
783 1287 851 1330 rem
866 1270 1043 1334 deliniendo
1086 1267 1108 1286 ‘

104 1361 209 1445 perid
224 1361 311 1440 quod
324 1361 444 1423 caeterls
459 1362 659 1441 praestantius
675 1365 731 1423 est.

143 1457 177 1516 3ο
198 1456 265 1515 Hoc
289 1454 353 1535 jus,
374 1455 448 1516 licet
462 1455 502 1515 eb
524 1454 672 1516 aeclesis
698 1456 889 1534 gratitudine
909 1457 1039 1536 oriatur,

102 1551 211 1608 tamen
240 1548 272 1607 in
297 1551 450 1628 quantum
474 1548 623 1626 importat
652 1553 880 1628 consequenter
903 1549 1041 1630 aliquam

15 1687 17 1722 ,
102 1639 325 1702 limitationem
338 1640 475 1703 libertati
502 1641 665 1718 Ecclesiae,
687 1642 760 1703 inde
776 1642 920 1703 odiosum
939 1647 986 1703 est
1005 1643 1037 1707 iu

100 1733 184 1813 jure,
206 1752 265 1794 nec
280 1733 371 1794 facile
385 1733 603 1813 praesumitur,
621 1733 679 1795 nisi
698 1739 833 1808 constet3
855 1735 976 1796 etiamsi
999 1735 1038 1796 de

15 1823 16 1864 3
104 1844 140 1886 eo
150 1827 282 1904 constet,
292 1829 340 1887 est
353 1827 468 1888 strictae
478 1827 754 1905 interpretationis,
762 1826 1038 1906 praesumptionem

15 1941 17 2018 Ξ
103 1917 161 1980 sibi
177 1919 369 1980 conuariam
382 1919 415 1980 in
426 1918 498 2000 jure
511 1919 642 1982 hahens.

493 2087 597 2148 CAPUT
613 2087 647 2140 ll.

227 2247 261 2284 DE
279 2246 370 2286 VARlIS
387 2245 551 2284 LAIGALIBUS
568 2244 709 2284 douiatius
726 2238 755 2284 lit
771 2245 910 2286 ECGLESIA.

15 2373 16 2444 }
140 2380 163 2440 l.
189 2379 277 2441 Sicut
291 2378 502 2440 ecclesiastica
517 2377 694 2458 jurisdictio
710 2377 831 2438 clericis
841 2377 892 2438 vel
906 2377 1038 2439 seorsim

15 2493 16 2526 r
102 2472 151 2533 vel
166 2472 356 2552 collegiatim
367 2471 500 2550 sumptis
508 2469 668 2548 competit,
680 2469 724 2530 ita
738 2467 848 2550 etjura
861 2469 950 2530 laica
962 2488 1038 2532 con„

101 2565 227 2628 ditionis
241 2566 329 2627 laicis
340 2568 408 2627 tum
420 2563 602 2644 singillatim
613 2567 681 2626 tum
689 2561 895 2641 collegialiter
903 2563 1036 2641 sumptis

15 2669 16 2690 l
100 2659 290 2721 tribuuntur.
315 2662 487 2739 Postquam
501 2657 598 2738 igitur
614 2656 710 2718 locuti
733 2675 841 2717 sumus
859 2655 898 2715 de
909 2654 1033 2735 juribus

15 2755 17 2816 l
101 2770 170 2831 quae
196 2753 284 2814 laicis
302 2751 484 2831 singillatim
507 2749 655 2830 spectatis
677 2751 876 2828 competunt,
898 2767 1034 2828 pronum

15 2843 17 2888 l
101 2849 148 2908 est
161 2849 197 2908 ut
211 2847 249 2908 de
261 2845 425 2907 laicalibus
437 2845 605 2924 loquamur
617 2842 766 2922 collegiis.

15 2975 17 3014 Ξ
137 2939 275 3001 laicalia
288 2938 422 3018 collegia
440 2937 472 2998 in
490 2941 554 2999 tres
578 2935 742 3016 generales
764 2935 937 3014 categorias
961 2953 1031 3013 pos·

15 3061 16 3078 ¹
101 3037 172 3094 suut
194 3033 362 3111 distingui,
388 3049 523 3111 quarum
541 3029 644 3109 prima
662 3029 901 3108 comprehendit
926 3028 1033 3094 omnio

99 3126 250 3188 laicorum
274 3125 423 3204 collegia,
444 3142 514 3204 quae
529 3127 682 3203 tanquam
702 3141 814 3202 greges
835 3121 953 3199 pastori
976 3139 1032 3182 suo

100 3222 149 3281 vel
169 3223 322 3300 tanquam
343 3216 451 3297 plebes
472 3216 606 3296 principi
622 3215 833 3276 ecclesiastico
858 3213 1031 3282 adherent..

100 3313 205 3374 Altera
219 3312 378 3392 categoria
392 3307 784 3390 comprehenditpartialia
796 3306 930 3385 collegia
941 3307 1035 3371 laico·

15 3401 18 3414 ’
103 3425 171 3468 mm
184 3407 217 3467 in
231 3405 337 3486 aliqua
352 3405 485 3466 ecclesia
507 3403 557 3464 vel
572 3402 694 3480 capella
711 3400 861 3462 canonica
874 3400 1032 3477 instituta,

104 3504 137 3563 ut
158 3499 282 3580 pietatis
303 3499 450 3580 operibus
473 3495 622 3576 singulari
643 3495 737 3558 modo
761 3511 829 3562 sesa
851 3497 1027 3559 exerceant.
