2512 4012
382 251 421 296 nr
442 251 569 298 omnoro
591 253 672 298 ruris
695 251 849 298 oenomai.
1022 237 1080 300 233

148 395 347 475 episcopalis,
360 395 460 456 extrui
473 399 637 475 coeperunt
646 396 728 458 intra
739 396 858 457 moenia
868 395 1001 458 civitatis
1012 397 1080 476 qui-

147 489 222 550 dam
233 489 315 550 tituli
336 488 529 565 secundarii,
549 489 663 568 quibus
679 490 876 568 praeficerent
890 490 1078 569 presbyteri,

149 582 202 662 qui
210 585 411 642 sacramenta
417 581 641 659 ministrarent,
652 583 770 662 licique
779 583 919 644 Verbum
931 584 1081 661 praedica-

148 679 228 752 rent,
253 693 317 735 uno
338 675 447 750 verbo,
472 693 580 735 curam
601 675 796 753 spiritualem
811 675 1001 738 sustinerent
1024 677 1081 738 cir·

149 768 375 829 cumstantium
388 767 574 830 animarum.

188 860 241 923 Sic
254 861 323 939 ipsa
337 860 445 921 civitas
463 861 648 940 episcopalis
662 861 781 940 recepit
795 861 961 940 parochias
975 861 1080 923 eivita-

149 959 268 1027 tenses3
292 952 400 1013 civitas
417 971 530 1032 nempe
553 953 738 1032 episcopalis
755 953 902 1016 distincta
921 955 1017 1016 estin
1034 959 1081 1016 tot

149 1050 255 1126 partes
273 1049 350 1125 quot
372 1045 451 1106 tituli
473 1045 661 1123 secundarii,
685 1047 729 1107 ita
750 1054 995 1128 utunaquaeque
1008 1067 1081 1126 pars

149 1138 297 1200 diaecesis
307 1139 664 1218 haberetpresbyterum
673 1141 846 1220 proprium,
860 1161 878 1202 a
891 1160 953 1222 quo
963 1141 1080 1222 specia-

149 1234 220 1294 liter
242 1235 415 1312 regeretur.
438 1233 527 1304 Quod
538 1235 643 1294 autem
656 1233 688 1292 in
702 1233 822 1294 oaeteris
835 1235 1032 1312 dioecesibus
1048 1235 1081 1294 in

150 1327 295 1386 Romana
318 1324 412 1386 etiam
441 1325 575 1387 obtinuit
596 1325 735 1403 dioeoesi,
762 1328 817 1388 sed
841 1327 934 1406 paulo
959 1328 1084 1389 diversa

150 1419 327 1498 disciplina.

191 1515 335 1592 Namque
371 1513 477 1573 Romae
508 1510 631 1592 jamdiu
659 1512 851 1590 aprimaeva
883 1511 1080 1592 antiquitate,

149 1609 267 1686 praeter
286 1604 412 1666 titulum
427 1605 648 1683 episcopalem,
665 1623 721 1666 seu
737 1604 902 1666 eeclesiam
918 1605 1084 1666 cathedra-

149 1700 224 1775 lem,
242 1716 355 1777 nempe
368 1695 469 1760 aedem
484 1715 606 1758 sacram
618 1699 804 1782 sanctissimi
812 1697 982 1760 salvatoris
997 1697 1082 1776 apud

150 1795 356 1868 Lateranum,
381 1791 475 1852 erecti
504 1795 577 1852 sunt
596 1791 701 1869 plures
721 1792 802 1854 tituli
819 1790 991 1868 inferiores,
1017 1794 1084 1852 tum

152 1884 395 1965 presbyterales,
412 1888 479 1945 tum
495 1883 683 1946 diaconales

192 1977 286 2039 Tituli
295 1977 512 2058 presbyterales
530 1981 619 2038 erant
641 1977 779 2039 eeclesiae
802 1977 915 2058 quibus
934 1977 1086 2056 praeficie-

152 2072 247 2132 batur
260 2071 427 2150 presbyter
442 2073 477 2131 ut
491 2070 587 2131 sacris
600 2073 749 2149 praeesset
761 2071 981 2147 conventibus,
994 2074 1086 2132 cram-

154 2183 264 2244 raque,
278 2182 347 2243 quae
366 2163 406 2224 ad
421 2181 530 2224 curam
543 2164 727 2243 spectabant
738 2162 930 2242 animarum,
949 2167 1082 2243 gereret.

193 2256 288 2319 Tituli
309 2275 384 2317 vero
408 2256 580 2332 diaconales,
605 2275 660 2317 seu
676 2256 830 2332 diaconiae,
845 2276 907 2318 non
923 2259 1013 2318 erant
1026 2256 1085 2317 nisi

156 2351 268 2412 domus
283 2349 463 2428 hospitales,
481 2369 553 2411 cum
567 2349 784 2430 adjacentibus
801 2351 955 2426 oratoriis,
972 2351 1086 2429 quibus

154 2442 408 2522 praeficiebantur
421 2443 555 2519 diaconi,
572 2445 608 2504 ut
622 2442 780 2520 peculium
795 2443 1040 2503 ecclesiasticum
1053 2443 1086 2504 in

155 2553 310 2615 pauperes
323 2537 353 2594 et
367 2535 508 2596 infirmos
523 2537 698 2613 erogarent.

195 2631 393 2706 Quapropter
415 2628 647 2707 quodammodo
680 2627 756 2687 urbs
782 2626 883 2687 divisa
910 2627 1011 2688 estin
1040 2631 1086 2690 tot

155 2721 309 2800 paroecias
332 2724 409 2800 quot
430 2721 558 2781 fuerunt
571 2719 653 2781 tituli
671 2720 913 2798 presbyterales,
936 2720 980 2781 ita
994 2720 1025 2781 in
1040 2724 1087 2782 tot

156 2815 300 2894 regiones
311 2817 388 2892 quot
398 2813 561 2875 diaconiae.
578 2813 641 2873 Illis
654 2814 821 2874 commissa
835 2817 903 2875 erat
917 2814 1086 2893 spiritualis

157 2926 232 2968 cura
251 2907 442 2981 animarum3
464 2907 539 2984 ipsis
552 2924 626 2968 vero
643 2908 824 2986 temporalis
843 2908 1083 2974 administratio.

156 2999 343 3080 Hujusmodi
368 2999 545 3078 presbyteri
563 2999 613 3059 vel
643 2999 768 3060 diaconi
782 3001 827 3061 sic
850 3001 984 3061 instituti
1012 3000 1085 3061 diot‘

156 3097 228 3154 sunt
240 3091 411 3167 cardinales,
422 3111 555 3173 quorum
566 3093 714 3169 officium,
723 3093 750 3153 si
761 3093 869 3154 titulus
880 3096 947 3154 erat
957 3094 1086 3172 presby-

157 3186 272 3262 teralis,
294 3204 355 3246 non
369 3185 555 3264 excedebat,
574 3186 748 3264 generatim
763 3185 933 3264 loquendo,
948 3185 1086 3246 officium

156 3278 351 3358 parochiale3
373 3280 399 3339 si
421 3279 603 3354 diaconalis,
624 3297 687 3339 non
711 3277 883 3340 excedebat
896 3281 1086 3356 potestatem

158 3373 394 3436 oeoonomicam.

199 3467 351 3526 Successu
371 3484 445 3526 vero
468 3469 658 3544 temporum,
680 3465 836 3526 asaeculo
862 3464 985 3526 circiter
1004 3465 1083 3543 Xll⁰,
