2512 4012
359 306 398 350 on
419 303 548 352 cornero
568 303 650 350 surus
672 301 828 350 cuuou1c1.
1001 290 1059 350 205
1156 343 1159 348 Α

128 452 220 514 Solus
243 448 339 510 hodie
362 448 517 527 reperitur
537 445 570 508 in
584 466 642 510 suo
665 445 739 508 sede
754 444 933 524 patriarche
946 444 1060 508 latinus

127 540 441 618 Hierosolymitenus.

166 633 299 695 Minores
328 633 368 693 ed
391 632 548 712 muJ'orum
575 631 807 694 distinctionem
836 631 984 693 dicuntur
1008 630 1061 711 qui

127 728 255 790 titulum
273 726 391 786 hebent
403 725 664 804 patriarchalem
685 724 718 782 in
734 723 843 784 ordine
854 727 960 784 tomen
967 723 1062 803 juris-

129 819 276 882 dictionis
290 836 353 880 non
366 822 439 880 suut
448 818 506 880 uisi
521 818 681 898 primates,
696 835 726 878 v.
743 835 788 895 g.‚
797 816 1059 896 UlyssipoueusiS‚

129 916 280 988 Venetus
293 914 324 972 et
344 957 352 971 .

167 1006 251 1066 XIV.
270 1005 403 1064 Possunt
429 1006 535 1063 eutem
551 1005 717 1081 sequentes
732 1002 864 1080 proponi
886 1002 1002 1082 regulos
1024 1003 1062 1060 dc

129 1102 247 1159 nature
258 1095 373 1156 horum
382 1095 537 1174 graduum
551 1093 890 1174 supreepisoopelium:

169 1177 465 1267 t⁰Nonoriginerie,
476 1187 532 1248 sed
545 1187 692 1265 delegata
703 1189 920 1250 tantummodo
929 1188 1064 1251 auctori-

129 1287 192 1345 tate
199 1281 522 1360 exercentur‚,quippe
529 1279 650 1359 quinon
661 1279 836 1341 divinaesed
847 1280 1062 1342 humenaeten-

131 1381 199 1437 tum
211 1375 276 1436 siut
289 1372 501 1434 iustitutionis.
515 1374 686 1452 Propterea
700 1391 763 1434 uon
777 1377 947 1451 potuerunt
961 1373 1066 1453 aliquo

130 1467 258 1548 praediti
272 1485 339 1528 csse
351 1470 517 1545 potestate,
533 1465 591 1526 nisi
602 1465 643 1526 eb
658 1465 695 1526 iis
710 1465 897 1545 participate
911 1466 992 1528 foret
1011 1466 1064 1546 qui

132 1561 243 1622 divino
257 1557 329 1640 jure
345 1577 414 1619 eam
430 1558 684 1638 praeseferebont.

170 1656 350 1732 Eupropter
364 1653 405 1712 ed
420 1669 529 1712 eorum
543 1651 617 1732 juro
631 1651 870 1714 determinanda
883 1670 946 1713 nou
958 1669 1066 1731 proce-

133 1747 238 1807 dimus
253 1745 406 1824 principio
421 1744 473 1806 illo
493 1744 579 1824 quod
593 1752 708 1804 tontum
723 1743 989 1826 possintqcontum
1010 1763 1067 1804 ooo

130 1838 317 1922 prohibetur,
332 1838 416 1917 quod
429 1855 542 1916 nempe
553 1836 741 1919 principium
751 1837 783 1897 in
793 1837 841 1897 his
848 1835 1066 1898 tantummodo

134 1934 298 2012 spectetur
312 1930 462 2010 gradibus
481 1929 533 2009 qui
550 1929 663 1990 divinae
683 1934 756 1992 sunt
774 1929 987 2008 institutionis,
1013 1929 1067 1990 sed

135 2026 196 2086 isto
212 2023 366 2102 principio
392 2023 476 2102 quod
497 2030 610 2082 tontum
619 2023 734 2103 possint
754 2031 895 2105 qnantum
914 2022 973 2084 sibi
992 2042 1069 2084 omn-

134 2117 256 2177 mieeom
275 2115 321 2176 cel
340 2114 504 2194 delicatum
521 2114 625 2194 suerit.
646 2115 705 2178 Ubi
729 2134 830 2176 sermo
851 2116 890 2178 sit
911 2116 950 2176 de
967 2115 1068 2196 gradu

137 2208 308 2272 ordineriae
324 2206 549 2288 jurisdictionis
558 2226 685 2268 necesse
699 2211 745 2269 est
757 2209 973 2270 demonstrare
987 2208 1070 2268 limi-

137 2307 219 2375 tem;
242 2319 333 2362 secus
348 2300 503 2361 haeremus
518 2300 550 2359 in
569 2300 675 2361 dubio.
701 2302 760 2363 Ubi
777 2306 883 2362 eutem
906 2320 1008 2364 sermo
1025 2301 1070 2362 'sit

139 2395 179 2456 de
190 2393 291 2473 gredu
308 2393 460 2472 delegatae
476 2392 712 2472 jurisdictionis,
721 2384 852 2456 ¹necesse
866 2398 913 2456 est
927 2394 1069 2456 demone

139 2492 223 2551 trare
251 2485 382 2565 positive
401 2487 497 2546 telem
521 2485 740 2548 auctoritatem
760 2485 803 2548 uu
823 2486 917 2548 fuisse
941 2487 1071 2548 demen-

140 2581 259 2656 detam‚
272 2598 363 2640 secus
375 2579 578 2658 praesumptio
592 2583 703 2640 contro
724 2598 797 2640 eum
809 2579 890 2640 milit
910 2583 933 2642 t.

180 2678 212 2734 2⁰
233 2672 410 2733 Auctoritas
430 2672 543 2733 horum
560 2672 716 2751 graduum
741 2691 804 2734 non
824 2676 927 2752 potest
946 2672 1007 2732 dici
1027 2672 1067 2732 eb

140 2765 280 2826 inferiori
293 2765 474 2843 episcopatu
487 2765 660 2826 derivatum
672 2765 778 2828 fuisse.
792 2765 880 2826 Retio
892 2769 939 2828 est
952 2765 1026 2846 quio
1036 2765 1068 2826 hi

142 2858 261 2937 gradus
275 2857 460 2919 auctoritate
472 2856 639 2935 episcopali
651 2859 827 2938 superiores
841 2862 923 2936 sunt,
932 2860 1070 2937 profecto

142 2968 203 3010 uon
219 2954 324 3029 potest
333 2950 462 3011 inferior
471 2949 690 3012 auctoritatem
703 2952 760 3013 sibi
776 2952 971 3031 superiorem
983 2950 1071 3011 elteri

142 3043 301 3121 delegere.
326 3043 415 3104 Unde
439 3042 623 3104 naturaliter
636 3043 839 3123 consequitur
860 3043 945 3124 quod
963 3041 1073 3122 hujus-

143 3135 230 3197 modi
244 3136 414 3197 ouctorites
429 3153 491 3196 uon
503 3135 640 3214 pptuerit
651 3135 709 3196 nisi
720 3155 740 3196 o
749 3154 871 3208 summo
881 3134 1073 3215 jurisdictio-

142 3229 189 3290 m's
207 3229 310 3308 gradu
317 3228 473 3308 delegeri3
488 3227 540 3308 qui
550 3227 668 3306 gradus
677 3229 728 3290 vel
741 3229 892 3306 intotum,
904 3229 953 3288 vet
962 3228 1073 3290 saltem

142 3321 318 3383 eminenter
332 3321 476 3400 Supremi
493 3319 651 3382 Pontificio
662 3321 807 3400 proprius
825 3325 881 3400 est,
900 3323 1073 3384 secundum

143 3414 228 3494 quod
247 3415 299 3474 vel
312 3414 454 3491 seorsim,
472 3413 521 3474 vel
542 3417 694 3491 tanquam
715 3418 810 3492 ceput
823 3415 944 3494 collegii
957 3417 1073 3494 episco-

143 3508 222 3587 palis
235 3507 463 3570 consideretur.

213 3628 277 3674 rou.
298 3630 316 3672 1.
336 3605 340 3614 '
886 3647 890 3656 ι
943 3619 975 3676 12
