2514 4014
139 275 179 336 46
347 289 577 338 rnsrnurrouus
597 293 680 340 inuis
702 295 855 342 carorum.

491 494 679 558 ARTIGULUS'
696 504 729 557 ll.
794 496 798 507 ’

138 669 171 707 DE
187 669 344 714 QUIBUSDAM
369 671 603 710 DISPOSI'I'IONIBUS
617 672 692 710 JURIS
706 672 905 714 EGGLESIASTIGI
921 676 983 720 QUAE
1008 677 1065 716 NON

246 746 397 799 eumenen,
410 747 458 786 SED
471 747 581 786 TANTUM
597 747 734 786 EFFEGTUS
748 749 825 790 LEGIS
840 751 958 790 HABENT-

177 892 254 950 Tres
268 891 341 950 sunt
353 888 414 950 illae
427 887 656 966 dispositiones
675 907 787 968 nempe
804 910 811 950 :

179 985 209 1043 l⁰
231 981 392 1060 Rescripta
405 983 606 1044 Summorum
618 981 824 1056 Pontificum3
877 1055 878 1059 Ἰ

178 1079 208 1134 2⁰
231 1077 391 1153 Responsa
415 1093 633 1155 supremorum
655 1074 858 1136 tribunalium
881 1077 1067 1140 ecelesiasti-

139 1184 266 1240 corum,
288 1211 289 1216 η
666 1189 667 1192 ¹

129 1317 131 1322 .
174 1261 206 1319 30
227 1261 441 1337 concordata,
468 1278 538 1340 quae
565 1260 656 1320 sedes
682 1261 854 1339 apostolica
878 1279 950 1322 cum
971 1263 1067 1325 variis

135 1351 239 1429 regnis
252 1351 319 1413 init.

175 1447 218 1505 De
227 1445 340 1523 quibus
350 1444 381 1504 in
393 1445 524 1506 totidem
533 1446 740 1525 paragraphis
749 1449 780 1508 et
791 1447 918 1528 quidem
929 1447 1068 1510 breuiter

136 1555 277 1618 agemus.
641 1570 644 1575 ·

309 1682 331 1742 ¹5
347 1686 363 1724 Ι.
378 1694 408 1724 ur
424 1693 556 1726 asscmrrrs
569 1693 712 1726 cuuuoauu
727 1693 886 1727 rouurrrcuu.

173 1815 323 1876 Voluntas
352 1813 520 1892 principis,
546 1818 686 1893 quaest
712 1814 900 1894 principium
928 1816 1064 1878 universi

68 1910 71 1912 ’
129 1905 209 1986 juris
223 1907 255 1966 in
268 1906 377 1968 ordine
388 1924 455 1982 suo,
467 1924 529 1967 non
541 1910 663 1968 tantum
675 1927 708 1968 se
717 1908 822 1987 prodit
831 1927 888 1987 per
900 1911 1062 1991 generales

134 1998 362 2077 dispositiones
388 2017 445 2077 per
468 2008 545 2077 quas
567 2001 746 2078 respublica
772 2002 974 2078 moderatur,
1008 2001 1063 2064 sed

134 2091 228 2152 etiam
243 2091 399 2170 pervarie
413 2111 563 2178 responsa
577 2093 609 2152 in
624 2093 756 2172 negotiis
774 2094 982 2169 subditorum,
995 2103 1063 2156 ma-

118 2177 358 2245 'nifestaturssln
373 2183 474 2264 primo
490 2205 564 2246 casu
589 2187 732 2250 oriuntur
755 2187 840 2265 leges
867 2187 905 2248 de
929 2206 1062 2267 quarum

116 2319 117 2322 ,
132 2279 245 2337 natura
258 2278 332 2338 satis
344 2277 461 2340 dictum
474 2278 541 2341 fuit.
557 2281 592 2340 ln
602 2279 740 2341 secundo
757 2297 831 2340 casu
848 2279 1062 2341 oriunturres·

132 2369 242 2448 cripta,
255 2388 389 2448 quorum
414 2373 560 2432 naturam
583 2371 722 2432 breviter
741 2371 1010 2451 investigabimus,
1027 2376 1062 2436 ut

133 2463 329 2524 elementaris
357 2463 413 2524 sed
442 2464 581 2542 perfecta
608 2463 719 2527 notitia
745 2465 901 2526 habeatur
931 2465 963 2524 in
989 2465 1060 2544 jure

131 2557 250 2616 nostro.
988 2625 990 2629 ,

171 2650 238 2709 Hoc
257 2651 500 2726 utpraestemus,
528 2648 679 2710 distinctis
701 2649 838 2710 numeris
856 2650 1061 2728 expendenda

101 2759 102 2762 ¹
131 2744 204 2802 sunt
215 2741 438 2818 rescriptorum
455 2762 461 2802 :
478 2745 511 2803 10
526 2741 671 2820 essentia,
689 2745 722 2802 ΞΘ
737 2741 854 2820 forma,
870 2745 904 2803 3⁰
920 2742 1057 2822 species,

130 2837 162 2894 4⁰
176 2832 223 2894 vis
236 2851 291 2894 seu
305 2834 408 2911 valor,
423 2839 454 2895 5⁰
469 2833 604 2896 duratio.

169 2928 192 2988 Ι.
204 2947 205 2952 ¹
217 2925 261 2986 De
272 2927 480 3007 acerrimorum
494 2927 625 2989 assentio.
640 2961 680 2972 -
695 2927 908 3006 Rescriptum,
929 2927 955 2987 si
974 2926 1059 2990 vocis

129 3023 256 3098 etymon
281 3023 467 3100 spectemus
492 3021 570 3080 nihil
589 3021 674 3081 aliud
689 3024 736 3082 est
755 3039 851 3101 quam
873 3037 1059 3099 responsum

128 3114 243 3192 scripto
265 3114 462 3175 mandatum.¹
477 3114 673 3194 Quapropter
694 3114 825 3194 quilibet
839 3114 915 3174 dum
929 3132 1058 3192 respon-

128 3205 230 3265 dendo
244 3206 367 3285 scribit,
385 3207 559 3286 generatim
571 3206 728 3286 loquendo
742 3207 915 3268 rescribere
931 3207 1054 3268 dicitur.

128 3297 1055 3379 Sedususjurisconsultoruminvaluit,utrescriptinomine,

126 3407 183 3468 per
206 3392 469 3470 antonomasiam,
494 3392 685 3472 significetur
705 3411 891 3474 responsum
916 3391 1053 3472 supremi

127 3481 275 3562 principis
285 3483 399 3562 scripto
415 3484 583 3547 redditum.
