2546 4016
162 309 220 370 112
369 316 596 365 rusruumouss
617 317 699 364 cums
721 317 875 364 canonici.

162 465 261 542 diola‚
291 481 311 523 a
329 465 470 524 Romano
491 461 639 523 Pontifice
663 460 949 522 excommunicatus
975 464 1038 538 cst,
1060 463 1098 522 et

164 560 304 637 dejectus
318 556 358 616 ab
373 555 521 634 imperio,
539 555 634 616 armis
649 553 783 632 Philippi
806 554 937 634 Augusti
955 555 1096 614 Franco-

165 669 233 711 rum
247 649 347 729 regis,
362 648 517 728 poeniteus
530 648 561 707 iu
577 647 712 710 Saxonis
723 651 865 708 mortuus
878 651 935 708 est.

204 742 266 804 Sed
277 741 430 822 quidquid
443 740 483 801 sit
497 740 620 817 dehoc,
636 743 756 800 certum
768 742 815 800 ast
829 740 913 819 quod
925 743 965 802 Va
979 740 1095 801 collec-

163 835 218 912 tio,
227 834 312 896 haud
321 853 410 894 secus
420 851 457 893 ac
467 835 531 910 Illa,
541 833 645 911 quoad
655 832 861 893 substantiam
870 833 1001 893 Romani
1012 835 1095 893 Pon-

164 927 254 992 tificis
270 925 454 988 auctoritate
468 926 668 1004 promulgata
682 929 714 986 et
725 926 910 988 confirmata
921 926 988 987 fuit.

384 1081 410 1120 ll.
427 1081 457 1120 De
470 1077 606 1118 auctoritate
619 1076 699 1117 tarum
713 1077 871 1118 collectionum.

202 1204 282 1267 VIII.
298 1204 376 1265 Gum
390 1201 439 1264 ha
455 1200 652 1262 collectiones
667 1201 936 1280 comprehendant
949 1201 1019 1279 plus
1033 1199 1093 1260 mi-

166 1316 224 1358 nus
250 1295 356 1358 omnia
380 1298 585 1355 monumenta
610 1312 717 1356 cooeva
749 1313 805 1354 seu
827 1297 1092 1374 contemporanea

164 1388 343 1452 auctoribus
358 1387 442 1464 suis,
460 1387 499 1448 de
514 1387 647 1449 falsitate
661 1387 809 1466 redargui
819 1391 988 1466 nequeunt.

204 1487 272 1544 Non
287 1485 393 1544 tamen
408 1499 517 1542 omnes
541 1481 686 1542 eamdem
704 1481 907 1542 obtinuerunt
925 1481 1094 1542 auctorita-

165 1581 244 1655 tem,
262 1575 417 1656 siquidem
431 1577 472 1652 lo,
489 1577 520 1635 2¹
539 1577 571 1634 et
584 1578 616 1634 la
635 1573 756 1652 privato
776 1567 883 1634 'studio
897 1573 1091 1652 prodierunt3

165 1669 258 1731 tertia
279 1687 354 1730 vero
374 1671 406 1728 et
428 1667 537 1750 quinta
557 1671 708 1746 tauquam
730 1667 917 1728 authentica
936 1666 1095 1744 pontificis

167 1762 350 1824 auctoritate
366 1762 557 1822 confirmatae
571 1764 653 1822 sunt.
679 1763 865 1838 Propterea,
884 1759 1094 1822 monumentis

159 1873 237 1936 ‚quae
251 1855 284 1915 iu
296 1856 337 1931 la,
350 1857 391 1915 lla
406 1857 438 1914 et
458 1855 511 1917 iva
529 1853 852 1932 comprehenduntur,
875 1853 959 1914 nulla
975 1871 1012 1914 ex
1034 1852 1094 1912 hoc

167 1949 249 2008 facto
262 1945 383 2008 accedit
395 1946 574 2008 auctoritas,

207 2043 275 2101 Nou
290 2042 395 2101 autem
410 2040 521 2101 eadem
536 2039 675 2101 estratio
689 2040 789 2100 dehis
804 2057 874 2120 quae
889 2042 1096 2121 comprehen-

148 2171 153 2182 -
169 2133 285 2195 duntur
298 2133 331 2193 iu
345 2135 398 2194 lua
412 2137 442 2194 et
463 2135 502 2197 Va
519 2133 716 2206 collectione3
731 2152 803 2194 cum
819 2153 894 2195 vero
909 2153 1096 2214 pernoram

169 2227 384 2288 collectionem
398 2244 467 2305 quae
484 2227 601 2305 prodiit
615 2227 672 2288 suh
697 2227 846 2306 Gregorio
867 2229 929 2305 IX,
950 2228 1003 2308 qui
1028 2247 1098 2289 suc-

170 2323 305 2380 cesserat
321 2319 459 2380 Honorio
481 2321 536 2397 111,
561 2337 669 2380 omncs
691 2318 739 2380 hae
764 2319 902 2398 quinque
924 2321 1096 2382 anteriores

169 2411 368 2473 collectiones
382 2411 498 2474 fuerint
512 2411 697 2492 antiquata,
714 2411 786 2474 iude
802 2417 848 2474 est
860 2414 944 2492 quod
954 2414 1041 2474 nulla
1056 2433 1093 2474 ex
1131 2408 1135 2415 ’

170 2504 207 2566 iis
235 2505 329 2566 hodie
355 2505 571 2568 auctoritatem
594 2505 690 2566 faciat
708 2505 759 2565 vel
779 2506 811 2565 in
828 2504 969 2586 judiciis,
990 2508 1041 2568 vel
1064 2507 1096 2568 iu

171 2599 305 2673 scholis;
322 2601 378 2660 sed
400 2598 501 2660 solum
516 2601 666 2678 praestant
678 2599 837 2679 quoddam
855 2604 1095 2661 monumentum

172 2693 398 2769 scientificum,
420 2693 503 2752 unde
527 2691 625 2770 possit
644 2693 789 2771 cognosci
809 2693 963 2772 genuinus
985 2711 1095 2754 sensus

173 2785 309 2864 plurium
323 2785 579 2846 constitutionum
593 2786 828 2864 pontificalium.

212 2877 264 2938 lX.
288 2877 334 2938 lix
352 2877 442 2938 dictis
459 2878 542 2938 huuc
559 2897 712 2940 canonem
731 2879 769 2939 de
789 2879 969 2960 hujusmodi
986 2881 1099 2942 collec-

173 2971 293 3034 tionum
308 2971 491 3032 auctorilata
501 2974 638 3033 statuere
647 2972 694 3032 fas
709 2975 765 3033 est.

215 3064 288 3127 Con.
325 3064 467 3144 Quinque
504 3065 623 3142 priores
656 3065 853 3126 collectiones
890 3067 1100 3132 Decretalium

175 3159 323 3238 Gregorio
343 3160 384 3220 IX
397 3158 579 3235 anteriores
602 3158 676 3219 licet
690 3157 782 3220 hodie
798 3160 916 3221 nullam
933 3161 1098 3223 auctorita-

172 3256 238 3314 tem
251 3251 377 3328 faciant,
403 3270 461 3312 nec
471 3252 503 3312 in
509 3251 646 3332 judiciis,
663 3270 720 3312 nec
735 3251 905 3331 in‘scholis
922 3258 1027 3315 tamen
1047 3273 1100 3315 ex-

175 3345 284 3405 hibent
306 3345 368 3404 fide
388 3344 518 3425 dignum
537 3344 729 3424 antiquitatis
743 3351 991 3425 monumentum,
1015 3353 1102 3410 ulex.

175 3437 212 3499 iis
223 3436 377 3516 genuinus
391 3441 422 3498 et
440 3456 729 3516 germanussensus
750 3439 888 3517 plurium
906 3441 1099 3504 constitutio·

176 3547 252 3599 num
266 3531 478 3590 Romanorum
490 3530 675 3590 Pontificum
685 3531 949 3610 deprehendatur.
