2546 4016
98 283 101 290 ·
142 259 201 324 120
370 272 599 320 nsrnurioras
619 271 702 319 runis
724 269 877 317 circumi.

141 417 226 496 leges
243 417 456 496 particulares,
481 436 538 495 per
561 417 642 478 hauc
661 413 853 495 pontificiam
870 411 1078 492 approbatio-

141 529 214 571 nem
224 509 287 569 vim
299 509 377 588 legis
391 510 547 588 generalis
562 509 772 571 obtinuerunt.

182 605 268 663 Unus
280 606 402 664 tautum
417 606 464 663 est
477 601 677 680 Berhardius,
696 601 748 681 qui
770 601 894 662 videtur
912 600 1077 678 paulisper

143 695 348 758 obmussitare
364 699 473 756 contra
487 696 568 756 hanc
583 694 801 756 auctoritatem
822 693 956 772 legalem
976 712 1075 773 quam

143 786 228 848 hisce
249 787 520 850 constitutionibus
532 787 737 860 asseruimus;
753 787 809 848 sed
827 784 963 848 rationes
978 787 1018 846 ab
1034 805 1073 846 eo

143 880 310 958 propositae
332 881 410 941 tales
432 900 494 942 non
518 880 665 942 videntur
689 898 726 938 ex
748 879 860 957 quibus
881 896 1032 956 cogamur
1053 897 1073 938 a

144 973 301 1036 communi
312 973 467 1036 sententia
475 973 634 1034 recedere.

182 1064 1070 1145 Etsane,duplicidecausaipsenegatmouumentisccm-

142 1159 305 1238 prehensis
325 1159 439 1220 inistis
458 1158 692 1221 collectionibus
711 1160 775 1220 vim
796 1158 873 1237 legis
892 1157 1068 1236 generalis:

183 1255 213 1311 1⁰
226 1253 343 1330 Nempe
359 1251 432 1330 quia
448 1251 633 1330 approbatio
655 1251 814 1330 pontificia
828 1250 886 1311 fuit
902 1249 1068 1329 generaliS,

142 1363 205 1404 non
220 1341 373 1421 specialis,
391 1363 446 1405 seu
461 1344 531 1406 talis
546 1345 730 1422 approbatio
749 1361 819 1424 quae
833 1361 901 1404 sese
920 1341 1016 1402 refert
1029 1343 1071 1402 ad

143 1455 221 1515 opus
236 1437 427 1514 universum,
449 1457 513 1498 non
530 1440 636 1498 autem
651 1438 691 1498 ad
713 1437 836 1516 singula
854 1439 1069 1512 monumenta,

143 1529 267 1610 quaein
298 1549 391 1609 opere
416 1531 624 1594 continentur.
653 1530 743 1592 Unde
768 1528 928 1590 concludit
951 1528 1072 1588 nullum

142 1626 380 1684 monumentum
402 1623 581 1703 singillatim
606 1627 765 1702 sumptum
790 1621 885 1682 fuisse
911 1620 1071 1699 pontificio

144 1717 270 1776 oraculo
290 1719 527 1793 confirmatum,
557 1720 588 1777 et
619 1718 786 1794 eapropter
809 1713 938 1792 singulis
959 1731 1072 1774 monu-

142 1809 254 1868 mentis
281 1827 352 1868 eam
374 1813 496 1870 tantum
515 1826 643 1868 manere
669 1806 887 1869 auctoritatem
901 1824 996 1885 quam
1014 1825 1071 1884 per

143 1918 176 1959 se
190 1900 353 1962 haberent.

182 1995 214 2052 2⁰
240 1993 406 2054 Contendit
437 1993 567 2054 modum
599 2012 661 2073 quo
682 1994 809 2055 fuerunt
829 1993 995 2072 publicata
1020 1993 1069 2052 hae

142 2084 340 2145 collectiones
355 2104 417 2147 non
433 2103 500 2146 esse
514 2085 675 2164 proprium
692 2084 950 2165 promulgationis
964 2084 1069 2163 legum

141 2176 345 2254 generalium.
372 2181 452 2238 Nam
480 2196 542 2240 non
571 2178 697 2239 fuerunt
724 2178 891 2256 propositae
916 2176 1070 2242 universae

142 2268 287 2329 Ecclesia
313 2269 394 2330 sicut
417 2271 467 2330 lex
494 2270 688 2346 universalis,
718 2271 773 2330 sed
799 2270 852 2330 uni
875 2273 997 2331 tautum
1020 2270 1070 2330 vel

141 2360 263 2421 duobus
291 2363 398 2423 autad
426 2381 582 2424 summum
610 2363 709 2424 tribus
731 2362 985 2424 universitatibus
1012 2380 1068 2439 pro
1101 2415 1102 2418 ,

141 2453 250 2515 ordine
264 2455 454 2529 studiorum;
471 2458 555 2517 unde
575 2456 734 2518 concludit
751 2456 869 2516 nullam
883 2455 961 2534 legis
976 2473 1069 2534 gene-

139 2546 213 2606 ralis
228 2549 445 2610 auctoritatem
460 2548 589 2628 singulis
609 2548 819 2610 monumentis
835 2547 1012 2608 accessisse.

180 2639 252 2716 Sed,
271 2645 304 2700 ut
318 2645 414 2718 patet,
427 2642 566 2702 secunda
580 2642 659 2702 ratic
674 2641 787 2703 nullius
801 2645 847 2702 est
859 2639 1064 2702 monumenti.

139 2733 216 2794 Gom
229 2732 311 2791 enim
327 2737 467 2794 enatura
481 2752 544 2794 non
558 2733 598 2794 sit
585 2735 665 2795 tdet
652 2734 799 2794 terminat
800 2753 836 2794 us
786 2733 969 2794 tmodus
981 2733 1067 2812 leges

138 2824 369 2928 promulgandi,
384 2825 535 2887 sufficitu
537 2827 715 2888 tmodus
692 2831 732 2888 s1t
719 2826 822 2888 ttalis
838 2845 898 2906 quo
922 2825 1069 2886 universe

139 2916 310 2978 communit
311 2935 345 2977 as
359 2919 409 2978 vel
423 2918 579 2994 mediate,
597 2920 647 2980 vel
671 2919 862 2996 immediate,
892 2918 942 2981 vel
962 2917 1065 2995 simul,

138 3009 188 3070 vel
209 3009 382 3071 successive
402 3011 479 3088 legis
502 3011 589 3072 notit'
558 3016 645 3072 nam
674 3015 792 3072 certam
821 3012 937 3072 habere
960 3015 1064 3090 queat.

139 3103 235 3162 Porro
252 3103 321 3162 talis
333 3107 379 3164 est
390 3102 609 3181 promulgandi
625 3104 737 3164 modus
752 3104 805 3183 qui
819 3105 915 3166 fiebat
930 3123 987 3182 per
1000 3103 1068 3164 uni·

139 3193 311 3269 vanitates,
329 3194 403 3274 quia
413 3214 469 3272 per
487 3194 573 3256 illam
594 3199 719 3258 aetatem
733 3200 820 3258 tanta
835 3201 902 3257 erat
914 3195 1068 3256 universi-

139 3287 239 3344 tatum
266 3287 351 3346 fama
372 3293 402 3348 et
427 3289 596 3350 auctoritas
611 3294 646 3350 ut
667 3308 775 3350 omnes
796 3290 1005 3369 undequaque
1018 3288 1076 3368 ju·-

138 3394 233 3437 venes
245 3378 286 3438 ad
296 3378 364 3438 illas
374 3381 571 3458 accederent,
580 3386 611 3443 et
621 3383 651 3445 in
668 3401 706 3442 ea
717 3401 824 3442 veram
833 3382 912 3462 juris
923 3380 1065 3442 notitiam

138 3469 325 3548 acciperent,
343 3489 437 3550 quam
450 3478 558 3550 postea
571 3474 601 3534 in
612 3475 750 3556 patriam,
760 3474 973 3555 reportabant.
