2512 4012
390 239 429 286 nn
449 239 577 286 omrcro
598 241 681 286 ionis
704 237 859 286 canonici.
1033 223 1090 286 itt

195 383 322 450 XXXV.
346 382 506 450 etaetatis
519 401 591 464 que,
609 386 754 463 spectant
765 383 807 446 ad
820 381 984 452 historiam
997 381 1090 444 officii

155 475 358 554 parochialis,
376 477 560 555 exponenda
575 481 648 538 sunt
660 476 816 556 principia
826 476 866 538 ad
878 475 1091 554 parochorum

156 567 406 630 nominationem
419 570 681 634 etauctoritatem
696 569 978 634 determinandam.

196 664 228 722 1⁰
251 661 468 728 Perochorum
492 663 661 727 auotoritas
689 665 736 724 est
766 662 920 742 delegata.
947 661 1091 725 Officium

155 753 241 814 enim
262 755 444 832 parochiale
469 759 516 820 eat
539 774 612 834 pars
637 753 848 824 connaturalis
869 753 962 817 officii
984 758 1090 833 pasto-

156 847 243 908 ralis.
262 848 352 912 Unde
368 848 532 928 episcopus
547 849 579 908 iu
594 849 724 928 singulis
741 847 940 923 dioecesibus,
950 847 981 908 ri
996 847 1089 909 officii

154 941 214 1017 sui,
232 944 280 1008 esi
292 941 448 1020 parochus
462 945 555 1004 natus
574 941 727 1003 universae
748 940 873 1002 familia
888 940 1086 1002 dioecesana.

154 1032 420 1112 mediantem,
438 1053 501 1114 que
513 1036 602 1112 tales,
617 1053 680 1102 non
690 1035 846 1102 habentur
861 1032 919 1097 nisi
938 1033 970 1093 in
990 1052 1090 1113 quan-

154 1131 224 1188 tum
248 1127 330 1190 hano
354 1133 519 1206 paternam
542 1131 769 1206 repraesentant
790 1127 926 1206 episcopi
954 1125 1090 1188 auctori·

154 1225 264 1296 tatem,
272 1220 424 1284 directam
437 1222 479 1286 ad
490 1222 686 1300 singulorum
695 1221 727 1282 in
738 1239 795 1284 sua
805 1220 944 1299 paroecia
955 1221 1088 1282 salutem

154 1313 400 1392 procurandam.
423 1316 478 1378 nst
501 1314 597 1393 igitur
620 1313 830 1392 parochorum
848 1313 1024 1393 jurisdictio
1048 1313 1088 1374 ab

154 1407 303 1486 episcopo
319 1407 474 1486 delegata.
536 1426 540 1431 ·

194 1503 225 1565 2⁰
237 1502 313 1568 Haec
333 1503 438 1566 antem
450 1499 626 1580 jurisdictio
640 1503 688 1564 est
702 1498 869 1568 ordinaria
880 1499 913 1564 in
934 1501 1088 1578 quantum

152 1593 297 1660 mearet
323 1593 415 1660 ataui
442 1594 556 1671 officio,
585 1592 737 1658 stabiliter
760 1591 883 1672 injure
905 1591 1084 1652 constituto.

152 1686 246 1750 Unde
255 1685 441 1766 adquiritur,
457 1706 519 1753 non
533 1707 570 1748 ex
584 1687 732 1756 mandate
751 1685 931 1764 episcopali,
947 1684 1002 1756 sed
1017 1684 1088 1746 des-

152 1779 305 1844 tinatione
324 1781 375 1840 rel
396 1780 543 1845 missione
567 1781 608 1848 ad
632 1779 790 1852 officium
811 1778 961 1848 videlicet¹
976 1776 1087 1856 adqui·

154 1871 233 1935 ritur
245 1891 303 1950 per
316 1871 413 1951 ipsius
427 1873 522 1937 officii
535 1872 788 1953 adquisitionem,
801 1871 884 1942 sieut,
894 1875 926 1934 et
939 1888 996 1951 por
1006 1868 1086 1950 ejus-

153 1965 227 2024 dem
241 1965 442 2032 amissionem
458 1965 620 2036 emittitur.

193 2060 225 2118 3⁰
240 2059 315 2120 Hae
331 2059 509 2140 jurisdictio
532 2064 579 2125 est
599 2058 758 2124 ordinaria
777 2057 872 2121 etiam
895 2058 958 2124 elio
980 2075 1084 2134 sensu,

155 2153 309 2229 quatenus
325 2171 437 2230 nempe
462 2152 608 2232 dirigitur
628 2151 669 2218 ud
690 2151 884 2224 ordinarium
902 2151 951 2212 sui
968 2149 1088 2222 enerci-

153 2243 249 2318 tium
278 2243 424 2307 videlicet
446 2265 508 2308 non
537 2250 584 2308 est
606 2240 776 2310 auctoritas
804 2245 1033 2324 interponenda
1054 2243 1085 2304 in
1111 2323 1114 2328 Ι

154 2337 281 2401 casibus
313 2338 593 2416 extraordinariis,
632 2339 688 2402 sed
724 2337 856 2404 sustinet
893 2337 1086 2407 ordinariam

154 2429 362 2494 directionem.
379 2449 443 2501 suae
463 2432 609 2510 paroeciae
633 2431 665 2492 in
688 2432 784 2495 finem
803 2430 1083 2508 supernaturalem.

155 2523 275 2587 verum

191 2619 226 2676 40
256 2615 421 2696 obiecture
452 2615 545 2696 hujus
574 2615 740 2683 ordinariae
765 2614 928 2694 potestatis
951 2633 1014 2677 non
1039 2619 1087 2680 est

153 2708 315 2786 publicum
329 2709 482 2788 regimen,
496 2709 552 2770 sed
567 2710 699 2788 simplex
712 2709 853 2788 regimen
866 2707 1082 2774 domesticum.

154 2801 298 2864 Paroeoia
312 2803 395 2866 euim
412 2821 474 2866 nou
490 2805 537 2865 est
551 2801 692 2866 instituta
710 2802 751 2866 ed
771 2801 870 2870 instar
892 2801 1083 2882 reipublicae,

153 2895 243 2976 cujus
258 2895 415 2974 parochus
430 2895 471 2962 sit
493 2899 644 2975 tanquam
663 2895 825 2976 princepe,
846 2896 902 2959 sed
924 2897 964 2958 ad
987 2895 1085 2959 instar

153 3005 248 3048 marre
277 2988 403 3049 familiae
430 2987 519 3069 cujus
544 2988 584 3049 sit
607 2991 707 3066 pater.
732 2991 906 3068 Eapropter
927 2985 1085 3067 parochus

153 3079 229 3140 nihii
244 3083 348 3158 potest
361 3081 393 3140 in
407 3081 547 3160 paroecia
561 3101 706 3146 exercere
727 3081 810 3161 quod
832 3081 933 3160 sapiat
950 3079 1084 3158 politicae

153 3173 336 3254 majestatis.
355 3175 444 3236 Unde
459 3193 517 3236 nec
537 3175 623 3255 leges
642 3175 739 3251 forre,
760 3191 818 3234 neo
841 3191 879 3234 ex
900 3173 1084 3236 auctoritate

151 3264 306 3345 judicare,
323 3285 380 3328 nec
395 3267 536 3346 publices
550 3287 661 3347 poenas
671 3268 849 3347 imponere3
867 3266 922 3328 sed
937 3267 1037 3330 selum
1047 3285 1086 3328 ea

154 3361 258 3436 potest
271 3376 417 3421 exercere
432 3379 501 3440 quae
521 3361 579 3425 snb
596 3362 742 3439 respectu
756 3358 966 3422 eeclesiastico
981 3362 1085 3438 pater-

155 3469 229 3512 nam
241 3450 404 3516 imitantur
418 3453 638 3516 auctoritatem
652 3453 683 3515 in
698 3451 849 3532 regimine
864 3452 1000 3517 familia.
