2546 4016
344 245 452 292 merca
474 245 627 292 senciens
647 245 730 294 sums
751 245 906 296 omnuim.
1038 236 1095 300 lot

159 389 276 471 digerit
286 377 509 468 respondendo
524 389 670 451 omnihus
690 393 723 451 et
743 389 873 470 singulis
890 390 1040 471 quesitis,
1057 411 1095 456 ex

158 484 321 564 proposita
336 481 442 560 specie
457 482 532 543 facti
548 482 791 561 emergentibus.

207 576 265 638 Sed
277 593 349 636 cum
358 575 399 636 ad
411 593 540 634 causam
547 577 686 652 XXXIII,
695 575 867 655 quaestione
881 577 986 655 tertie,
1001 595 1095 640 vene·

158 670 220 746 rit,
243 669 354 730 iterum
375 667 518 728 ordinem
542 667 720 746 abrumpit,
737 672 768 729 at
790 668 900 731 inserit
924 671 1093 750 quemdam

157 765 329 824 tractatum
354 761 394 820 de
416 759 610 838 peonitentia,
628 778 723 839 quem
742 759 876 822 absolvit
894 765 1014 840 septem
1032 763 1092 824 dis·

157 841 378 926 tinctionihus3
401 871 463 932 quo
479 853 633 929 absoluto,
652 853 766 914 iterum
788 853 889 932 pergit
912 872 969 932 per
982 873 1092 918 causas

157 947 311 1026 usquead
328 947 425 1006 finem
441 945 589 1006 secundm
602 945 711 1024 partis.

202 1041 245 1100 Ex
264 1042 353 1100 tanta
376 1037 518 1099 methodi
533 1038 713 1099 diversitate
738 1037 890 1116 suspIcari
914 1043 1019 1118 posset
1035 1041 1093 1102 has

157 1136 224 1194 tres
242 1135 348 1210 partes
365 1131 469 1210 operis
482 1130 621 1192 Gratiani
640 1149 704 1191 non
730 1130 825 1192 luisse
845 1132 936 1212 juxta
953 1137 1092 1198 mentem

158 1225 296 1287 auctoris
302 1228 457 1304 tanquam
464 1227 528 1284 tres
535 1228 641 1302 partes
653 1223 745 1285 unius
758 1217 961 1306 ejusdemque
975 1226 1088 1307 aperis,

156 1319 213 1379 sed
223 1318 330 1397 potius
338 1316 573 1378 tetidemlihrcs
582 1316 754 1394 distinctos,
767 1317 820 1397 qui
833 1317 945 1380 deimle
953 1318 1090 1382 inunum

156 1413 306 1472 volumen
321 1410 453 1471 luissent
466 1409 636 1490 conjuncti.

197 1507 247 1573 ΙΙΙ.
272 1507 371 1564 Porro
387 1503 447 1564 hoc
468 1521 557 1581 opus,
569 1503 643 1564 licet
667 1502 855 1564 inconcinna
868 1507 900 1564 et
920 1504 1089 1584 ineleganti

156 1597 307 1659 methodo
323 1595 490 1675 digestum,
504 1599 610 1656 tamen
624 1613 824 1674 summepere
846 1595 950 1658 arrisit
963 1596 1089 1676 ingenio

157 1691 256 1753 mtatis
276 1707 340 1768 qua
359 1688 478 1749 editum
500 1692 563 1762 est;
583 1707 658 1751 nam
675 1691 886 1767 praeterquam
906 1689 990 1768 qued
1002 1689 1090 1752 vide*

154 1784 247 1844 hatur
275 1782 308 1842 in
332 1801 365 1842 se
380 1799 443 1842 uno
464 1780 571 1842 omnia
590 1780 758 1842 exhaurire
783 1785 988 1852 monumenta
1008 1781 1089 1861 juris

156 1874 369 1950 ecclesiastici,
396 1892 466 1953 quae
495 1874 526 1934 in
551 1874 672 1936 caeteris
694 1873 929 1936 collectionibus
954 1875 1088 1953 reperia-

153 1969 281 2045 bantur,
293 1986 352 2046 per
375 1966 570 2046 ingeniosam
585 1967 671 2028 illam
686 1967 936 2028 conciliationem
948 1967 1088 2030 omniurn

153 2064 430 2124 monumentorum
449 2060 529 2140 juris
544 2060 745 2121 ecclesiastici
772 2060 972 2140 quantumuis
988 2061 1088 2122 disso-

154 2155 308 2230 nantium,
322 2153 533 2214 satisfaciebat
548 2152 704 2214 desiderio
718 2153 817 2214 aetatis
832 2152 925 2229 illius,
936 2171 1006 2234 qum
1017 2157 1088 2232 post

155 2248 343 2308 seculorum
353 2245 606 2307 antecedentium
620 2245 830 2325 ignorantiam
839 2245 935 2307 veluti
952 2264 969 2306 a
991 2245 1086 2324 Iunge

154 2339 265 2401 somno
281 2339 511 2418 expergefacta,
527 2339 689 2418 quaerebat
709 2339 823 2399 ducem
836 2339 887 2400 vel
901 2338 1087 2419 magistrum

156 2433 210 2512 qui
224 2432 310 2494 viam
335 2431 473 2493 scientiae
497 2431 633 2508 aperiret
654 2431 714 2490 hac
734 2431 766 2491 in
790 2449 835 2506 re,
853 2430 968 2510 quique
982 2435 1087 2509 posset

156 2525 392 2586 difficultatibus
400 2524 460 2584 illis
471 2523 625 2585 contraire
638 2542 715 2602 quas
727 2521 875 2586 inchoata
887 2522 1087 2586 scientiarum

154 2617 340 2680 restauratio
354 2617 387 2677 iu
403 2617 453 2678 dic
467 2616 644 2697 objiciebat.

194 2713 277 2790 Ergo
305 2710 397 2772 sicuti
416 2712 526 2783 Petrus
554 2709 762 2785 Lcmhardus,
781 2708 833 2788 qui
862 2708 974 2770 eadem
995 2710 1086 2771 aetate

156 2822 227 2865 suos
235 2803 484 2865 tamcelehratos
493 2802 719 2863 sententiarum
726 2802 822 2862 libros
832 2800 1086 2882 edidittauquam

154 2896 304 2976 magister
331 2895 552 2974 theologorum
574 2894 700 2956 habItus
713 2898 770 2972 est,
789 2899 820 2956 ct
840 2895 873 2956 in
896 2895 950 2956 tali
966 2895 1086 2958 honore

156 2992 300 3068 receptus
316 2992 374 3065 cst,
386 2989 421 3048 ut
444 2988 653 3066 gloriarentur
665 2986 802 3066 theologi
822 2986 903 3048 illius
922 2985 1039 3062 saeculi,
1056 2989 1087 3048 et

157 3082 222 3160 ipse
239 3083 272 3144 S.
288 3081 424 3143 Thomas
453 3081 673 3160 theologorum
695 3080 850 3159 princeps,
870 3078 951 3140 illins
972 3078 1087 3158 scripta

158 3174 367 3253 interpretari,
385 3174 475 3236 itaet
493 3173 658 3236 Gratianus
672 3171 840 3234 maximam
857 3171 915 3232 sibi
934 3171 966 3232 in
982 3191 1017 3234 ra
1036 3191 1085 3234 ca·

159 3267 273 3328 nonica
282 3266 460 3328 conciliavit
472 3266 702 3328 auctoritatem.

199 3359 311 3422 Statim
333 3378 370 3420 ac
386 3359 452 3440 ejus
474 3361 636 3422 decretum
662 3357 824 3438 apparuit,
854 3362 1014 3438 receptum
1039 3361 1086 3420 est

160 3455 309 3532 anquam
332 3455 435 3516 textus
452 3453 508 3534 qui
523 3452 689 3514 doceretur
712 3451 744 3511 in
763 3450 965 3514 universitate
982 3453 1085 3514 Bonc-
