2512 4012
158 258 216 318 214
386 265 617 312 rusrmurrouns
638 267 721 312 rmus
744 266 897 312 canorum.

157 416 259 478 minus
275 414 385 474 eadem
400 411 553 491 principia
575 430 645 490 quoe
664 431 720 490 pro
740 410 999 473 determinatione
1017 431 1099 474 auc-

156 507 288 572 toritatis
302 505 551 584 metropolitana
566 505 616 566 vel
631 504 815 584 primatialis
837 505 911 566 data
929 509 1010 566 sunt.
1031 509 1100 566 Ae-

157 601 239 663 oedit
254 600 337 680 quod
352 598 403 658 hio
423 599 616 660 auctoritatis
640 599 758 677 gredus
772 598 925 658 hodierno
939 597 1011 678 jure
1026 597 1099 658 fere

156 714 194 756 ex
208 694 329 772 integro
346 691 521 767 exsolverit,
540 691 632 751 itaut
649 690 753 768 potius
777 690 904 751 honoris
927 709 1021 771 quam
1039 691 1099 771 ju-

33 849 34 852 ,
156 785 343 848 risdiotionis
359 784 467 846 titulus
477 783 671 844 remanserit.
688 785 857 860 Propterea
866 783 940 844 setis
953 784 1013 845 erit
1018 783 1099 864 jura

157 877 365 940 determinare
377 876 554 955 legatorum
570 875 801 936 ordinariorum
816 875 869 954 qui
885 875 971 936 missi
984 876 1098 936 dieun-

132 975 217 1048 tur,
240 989 374 1051 quorum
400 987 511 1046 nempe
535 967 670 1045 dignitas
699 968 774 1028 nulli
790 968 1004 1030 determinatae
1023 969 1098 1029 sedi
1128 1037 1131 1040 ,

157 1065 279 1124 adnexa
291 1063 434 1123 habetur.

196 1158 226 1216 l⁰
240 1154 348 1232 Legati
361 1153 447 1214 missi
460 1171 523 1214 non
544 1153 661 1214 hahent
676 1152 877 1232 originariam
898 1154 952 1213 sed
974 1154 1098 1233 simpli·

156 1249 234 1310 eiter
241 1247 418 1325 delegatam
423 1244 684 1326 jurisdictionem.
697 1247 776 1306 Nam
786 1249 1097 1326 praeterquamquod

155 1340 217 1402 sint
227 1341 265 1400 de
276 1339 415 1399 humana
428 1338 632 1415 institutione,
644 1357 759 1400 nomen
772 1342 803 1399 et
815 1339 919 1417 ipsum
930 1339 1097 1418 dignitatis

157 1451 252 1514 quam
261 1433 400 1508 habeut,
418 1431 492 1493 satis
505 1431 624 1492 iudicet
639 1450 691 1492 eos
701 1450 764 1493 uon
775 1431 891 1492 hahere
909 1433 1004 1494 eliam
1019 1451 1096 1493 aue-

155 1526 312 1588 toritetem
326 1523 383 1584 nisi
396 1524 557 1604 illamqua
571 1527 798 1603 repraesentant
813 1527 989 1585 Romanum
1011 1528 1095 1586 Pon-

155 1619 280 1680 tificem.
309 1619 388 1679 Sunt
413 1618 496 1678 enim
515 1617 610 1696 legati
634 1617 807 1696 apostolici,
832 1617 865 1676 id
893 1621 940 1679 est
959 1620 1095 1678 Romani

156 1710 324 1772 Pontifiois.
345 1712 515 1789 Propterea
527 1710 650 1771 illorum
668 1709 844 1790 jurisdictio
865 1711 986 1789 regitur
1008 1712 1095 1790 prin-

156 1803 236 1882 cipio
251 1803 404 1882 delegatae
419 1803 622 1880 auctoritatis,
636 1821 697 1882 quo
708 1821 820 1882 nempe
831 1807 952 1864 tantum
962 1810 1097 1882 possunt

156 1899 307 1974 quantum
321 1895 396 1973 ipsis
412 1896 642 1958 demonstretur
651 1896 745 1956 tuisse
759 1896 993 1974 demandatum,
1011 1899 1060 1959 vel
1074 1918 1096 1959 a

151 1988 222 2068 jure
236 1987 373 2067 quidem,
397 1988 447 2049 vel
462 2007 481 2048 e
499 1987 608 2049 litteris
634 1988 822 2068 speeielihus
842 1989 954 2070 quibus
974 1991 1092 2069 legatio

155 2081 214 2140 illis
224 2079 382 2158 impertita
404 2084 460 2142 est.
972 2144 975 2150 ,

194 2177 228 2234 2⁰
242 2173 419 2234 Auctoritas
441 2191 510 2253 quae
530 2170 578 2234 his
594 2173 798 2236 committitur
812 2175 923 2254 legatis
942 2179 989 2237 est
996 2175 1092 2256 juris-

22 2329 33 2348 „
156 2265 299 2327 dictionis
322 2267 613 2346 supraepisoopalis
639 2267 803 2329 Mittuntur
827 2268 911 2328 euim
930 2269 971 2329 ad
993 2269 1094 2330 instar

155 2359 377 2438 proconsulum
392 2361 443 2421 vel
451 2360 622 2439 praesidum
644 2360 888 2438 provinciarum,
917 2365 952 2422 ut
975 2361 1006 2422 in
1024 2366 1094 2424 tota

156 2451 320 2532 provincie
339 2471 521 2532 supremam
538 2457 765 2532 repraesentent
781 2453 1024 2533 eoolesiestioam
1035 2474 1094 2534 po—

157 2549 313 2608 testatem.
342 2547 432 2608 Unde
454 2546 514 2607 illis
536 2565 644 2607 omnes
660 2546 786 2608 obnoxii
802 2547 958 2609 hahentur
978 2548 1031 2627 qui
1059 2549 1092 2609 in

156 2637 319 2717 provincia
332 2643 405 2700 sunt
419 2639 579 2700 ordinarii.

196 2734 227 2790 3⁰
243 2731 304 2791 Sed
322 2730 435 2790 horum
453 2731 630 2809 legatorum
650 2732 788 2792 officium
804 2732 879 2793 nulli
895 2733 961 2793 sedi
975 2735 1026 2794 vel
1044 2736 1090 2796 rei

157 2822 371 2883 determinatae
377 2821 527 2898 adheret,
536 2823 625 2884 sicuti
636 2824 918 2904 archiepiscopalis,
929 2825 1089 2904 primatie-

155 2915 193 2976 lis
205 2913 255 2974 vel
264 2913 480 2992 patriarchalis
500 2915 646 2994 dignitate,
675 2918 730 2977 sed
745 2936 886 2996 personae
908 2918 1089 2982 immediate

157 3005 369 3068 committitur.
379 3006 468 3068 Unde
478 3007 694 3070 consideratur
702 3014 853 3092 tanquam
860 3011 978 3090 gradus
990 3011 1089 3091 digni-

156 3099 228 3160 tatis
242 3099 424 3178 personalis‚
441 3119 510 3178 quae
526 3119 638 3180 nempe
649 3121 816 3180 personam
834 3101 985 3182 sequitur.
1010 3106 1089 3176 Qua·

157 3195 284 3270 propter
294 3195 393 3253 morte
406 3211 546 3271 personae
559 3194 598 3254 de
610 3213 642 3255 se
657 3196 803 3274 exspirat.

195 3287 229 3343 l⁰
245 3283 306 3345 Sed
318 3285 455 3346 officium
464 3286 525 3347 hoo
539 3290 585 3348 est
597 3288 635 3348 de
650 3288 720 3368 jure
736 3289 904 3366 communi,
920 3308 975 3350 seu
995 3308 1088 3370 gene-

156 3377 262 3438 raliter
275 3377 383 3456 inipso
395 3379 466 3458 jure
481 3380 638 3440 oommuui
648 3382 803 3460 reperitur
815 3383 987 3444 delinitum.
1004 3385 1086 3463 Ergo

157 3468 324 3530 auotoritas
334 3470 406 3529 huie
416 3471 518 3531 officio
532 3474 724 3550 respondens
738 3491 801 3536 uon
813 3474 956 3535 innititur
970 3476 1086 3555 simpli-
