2512 4012
49 259 55 270 ’
154 277 216 340 {80
364 281 594 334 iusmrorrouns
615 279 698 330 tuuis
720 277 874 328 canonici.

154 422 237 492 diste
251 422 341 482 allec
349 417 525 496 promanat.
536 416 610 475 llaec
624 415 741 490 autem,
756 412 782 474 si
793 409 974 474 immediate
985 415 1090 474 mense

153 514 303 577 fundatur
339 511 379 572 ab
411 509 464 578 illo
496 507 548 587 qui
584 507 787 586 originariam
813 506 940 580 habet,
973 505 1088 567 dicitur

154 604 335 685 simplicitet
358 602 503 680 delegata
521 599 587 660 sine
609 600 672 660 ullo
687 598 810 672 addito;
835 599 953 659 sivero
974 598 1015 658 ab
1034 597 1086 659 illo

154 696 366 767 committatur
383 693 436 774 qui
445 693 513 774 jam
525 693 689 770 delegatus
710 696 768 774 est,
789 695 864 753 tunc
884 690 1002 753 dicitur
1017 689 1086 751 sut

154 791 297 858 delecta.

195 811 289 946 virui
304 880 417 962 gratia
432 883 591 940 Romanus
610 876 753 939 Pontifex
770 878 866 939 habet
886 876 1088 956 originariam

156 978 344 1058 potestatem
355 991 450 1051 super
466 988 592 1032 omnem
604 971 787 1048 Ecclesiam,
804 969 960 1050 siquidem
975 968 1092 1030 divini-1

155 1074 206 1130 tus
221 1068 262 1128 ad
279 1067 339 1127 hoc
354 1064 514 1126 institutus
536 1067 583 1124 est
598 1081 763 1141 supremus
778 1063 810 1122 in
824 1061 964 1123 Ecclesia
974 1060 1090 1140 princi-

156 1164 257 1240 patus.
274 1160 410 1236 Legatos
432 1155 621 1234 apostolicus
638 1156 816 1234 delegatam
836 1155 932 1217 habet
950 1156 1090 1233 poteste-

156 1258 220 1315 tem
232 1269 253 1311 a
266 1249 427 1325 Pontifice,
449 1265 543 1327 aquo
567 1247 634 1326 ipse
649 1246 793 1310 mittitur.
816 1248 847 1310 Si
871 1266 946 1309 vero
965 1248 1090 1326 legatus

157 1345 208 1406 hic
222 1332 311 1404 alteri
326 1341 494 1421 participat
509 1339 638 1419 aliquod
658 1359 723 1402 suae
737 1340 968 1420 jurisdictionis
977 1357 1087 1419 geren-

117 1508 119 1514 ,
157 1437 233 1498 dum
245 1435 394 1512 cilicium,
409 1437 483 1495 tunc
496 1433 554 1494 iste
570 1433 684 1495 dicitur
694 1434 927 1513 subdelegatus.

196 1534 227 1590 2⁰
238 1527 371 1590 Ratione
382 1526 531 1607 tituliquo
542 1526 706 1603 habeatur,
712 1525 888 1606 jurisdictio
898 1525 1087 1588 dividiturin

156 1621 339 1683 ordinariam
362 1623 394 1682 et
411 1618 688 1680 ectreordincriom.
718 1619 882 1682 Ordinarie
904 1620 957 1681 illa
973 1619 1089 1680 dicitur

158 1732 229 1795 quae
248 1731 287 1774 ex
306 1713 393 1792 lege,
410 1731 465 1773 seu
482 1730 520 1772 ex
532 1711 621 1793 jure,
649 1712 790 1774 adhaeret
808 1712 900 1774 alicui
920 1712 1021 1774 officio
1036 1712 1088 1772 vel

158 1805 376 1887 magistratui,
397 1805 447 1866 vel
469 1804 646 1883 praelatura
661 1805 894 1880 ecclesiasticam
916 1804 1088 1868 extraordi-

160 1899 250 1960 naria
262 1916 337 1958 vero
346 1897 400 1957 illa
410 1914 480 1977 quae
496 1895 608 1976 injure
622 1915 685 1958 uon
701 1898 888 1976 continetur,
901 1898 958 1958 sed
969 1916 1007 1958 ex
1019 1913 1089 1975 spe·

160 1989 231 2053 ciali
250 1988 420 2067 superioris
442 1987 591 2050 mandato
616 1993 704 2052 extra
723 1990 865 2053 ordinem
888 1991 980 2052 alicui
1001 2007 1093 2052 com-

160 2082 303 2146 mittitur.

187 2177 295 2252 ·Verbi
305 2177 424 2257 gratia,
447 2173 624 2259 jurisdictio
640 2177 873 2260 patriarchalis,
890 2175 1087 2260 primatialis,

161 2270 412 2349 metropolitana,
425 2271 584 2334 ordinaria
598 2273 741 2354 estquis
754 2275 883 2355 dejure,
898 2292 953 2335 seu
961 2273 1094 2350 exlege,

162 2362 311 2442 competit
320 2362 411 2426 alicui
430 2364 533 2426 stabili
548 2365 730 2444 dignitario,
744 2385 799 2428 seu
811 2365 1018 2447 magistratui,
1036 2362 1094 2444 qui

115 2523 118 2528 .
162 2454 352 2533 patriarcha,
369 2456 501 2535 primes,
516 2457 769 2538 archiepiscopus
782 2463 944 2538 nuncupat
984 2504 992 2520 .
1092 2474 1096 2478 ·

204 2547 237 2610 Si
252 2566 326 2609 vero
349 2554 463 2628 preater
478 2553 532 2610 aut
548 2554 657 2612 contra
667 2551 720 2631 jus
738 2570 914 2629 commune,
932 2571 988 2613 seu
1002 2552 1093 2612 extre

164 2641 307 2722 ordinem
319 2641 371 2702 vel
387 2642 529 2720 regulam
544 2660 757 2722 communem,
776 2647 934 2706 Romanus
949 2643 1091 2706 Pontifex

163 2733 255 2792 alicui
272 2733 479 2796 committeret
490 2735 629 2813 aliquam
639 2735 889 2816 jurisdictionem
904 2737 935 2808 in
950 2735 1092 2798 Ecclesia

163 2824 381 2902 exercendam,
394 2825 445 2886 hic
458 2828 706 2890 extraordinaria
721 2830 874 2909 gauderet
883 2834 1047 2910 potestate.
1065 2847 1067 2850 ·

165 2977 168 2980 .
203 2919 270 2978 Huc
289 2921 410 2996 spectat
424 2921 455 2979 et
469 2919 568 2981 altera
586 2920 743 2984 distinctio
757 2923 839 2984 inter
852 2923 992 3003 judicem
1007 2921 1093 2984 ordi-

113 3031 117 3038 ·
163 3009 286 3071 narium
300 3009 418 3072 scilicet
434 3014 465 3072 et
478 3011 666 3091 delegatum.
683 3015 785 3076 ,ludex
804 3015 981 3076 ordinarius
1001 3015 1027 3076 is
1045 3013 1095 3076 est

166 3102 223 3180 qui.
238 3105 425 3181 potestatem
436 3102 598 3182 judicandi
612 3105 708 3169 hahet
726 3107 828 3168 officio
842 3109 893 3169 vel
907 3108 1029 3170 muneri
1046 3107 1093 3169 illi
1145 3153 1150 3162 .

165 3211 226 3280 quo
238 3194 379 3274 fungitur
388 3213 553 3273 annexam,
566 3197 618 3275 qui
630 3217 743 3277 nempe
754 3199 853 3278 judex
864 3205 911 3262 est
924 3221 963 3261 ex
974 3201 1097 3277 officio,

65 3309 67 3314 ¹
162 3284 284 3371 ratione
307 3286 481 3365 dignitatis,
498 3289 699 3368 magistratus
726 3292 785 3368 sui,
803 3293 866 3372 qui,
890 3313 952 3355 uuo
973 3293 1098 3372 verbo,

163 3378 261 3464 judex
274 3381 366 3438 natus
382 3380 443 3440 dici
458 3383 571 3459 potest.
589 3384 704 3444 Contra
718 3403 793 3445 vero
809 3385 908 3466 judex
929 3387 1093 3466 delegatus

164 3469 357 3563 scituro.
369 3472 419 3553 ⁰11³.
433 3474 699 3572 estre-ordinem,
718 3487 759 3542 ‘ex
778 3478 1095 3565 maneatospeeau,
