2512 4012
364 334 419 380 ns
440 333 568 382 cessero
587 337 671 384 susis
693 337 848 386 errorum.
1024 325 1081 391 945

144 478 281 556 nientes,
308 482 343 541 ut
364 479 525 541 moraliter
548 480 619 542 talis
640 485 812 544 conventus
827 483 888 544 diei
904 485 1002 563 possit
1015 487 1082 549 uni-

146 591 273 634 versam
298 572 497 633 commissam
519 573 691 634 Ecclesiam
730 575 791 654 (vel
816 578 1006 657 generalem,
1032 581 1082 640 vel

145 666 373 745 particularem
387 665 570 746 respective)
587 670 824 745 repraesentare.

188 763 220 820 3⁰
242 756 384 837 Requirit
402 762 437 819 ut
457 763 624 820 serventur
645 762 760 820 caetere
784 779 853 840 quae
874 763 997 842 dejure
1018 783 1082 825 sar·

144 852 253 914 vande
276 854 368 923 snnt;
392 854 428 913 ut
443 851 525 912 absit
546 852 642 928 fraus,
669 851 770 928 dolce,
791 853 896 931 timor,
919 855 1078 934 violentia,

145 963 219 1024 quae
241 947 369 1021 possent
388 942 540 1021 impedire
563 944 696 1005 liberam
718 945 916 1006 collationem
938 949 1082 1012 volunta-

144 1042 226 1113 tum‚
244 1040 276 1098 et
295 1040 409 1098 caetera
426 1038 503 1098 fient
518 1037 550 1096 in
571 1037 762 1098 sessionibus
781 1057 850 1118 quae
864 1039 964 1120 ajuro
977 1042 1081 1104 deter-

145 1130 268 1190 minata
288 1129 454 1190 habentur.

188 1225 254 1283 Vll.
280 1223 460 1302 Requiritur
472 1222 605 1284 soloecis
619 1223 779 1304 ratificatio
794 1242 813 1285 a
826 1227 986 1304 superiore
998 1228 1081 1290 facta

147 1334 260 1377 eorum
287 1315 426 1375 omnium
455 1334 524 1395 quae
549 1317 581 1376 iu
607 1316 728 1396 synodo
753 1317 880 1379 decreta
901 1323 983 1381 sunt.
1005 1323 1080 1382 llaec
1130 1347 1133 1352 ·

147 1413 255 1470 autem
278 1409 485 1470 observantur
502 1409 700 1488 potissimum
723 1411 827 1489 quoad
841 1411 978 1489 synodos
997 1431 1079 1474 oecu-

75 1581 79 1586 .
145 1501 297 1562 manicas.
313 1503 391 1562 Gum
407 1501 490 1561 enim
507 1505 665 1563 Romanus
683 1501 841 1579 Pontifex,
855 1503 924 1564 aliis
938 1504 1081 1582 implica·

144 1600 197 1657 tus
211 1594 356 1673 negotiis,
368 1612 430 1654 non
443 1596 542 1656 soleat
556 1613 613 1674 per
624 1613 657 1656 se
669 1595 789 1672 synodo
804 1613 948 1674 praeesse,
957 1596 1013 1656 sed
1022 1615 1080 1674 per

144 1690 267 1767 legatos
287 1705 370 1764 suoS,
387 1688 448 1747 illis
463 1692 567 1748 autem
583 1706 646 1748 non
663 1687 761 1766 possit
777 1687 924 1766 delegare
939 1687 1078 1766 singula·

144 1799 215 1842 rem
229 1780 314 1840 illam
329 1781 538 1841 assistentiam
548 1799 643 1860 quam
658 1783 750 1840 aDeo
766 1780 863 1842 habet
869 1781 1076 1860 personaliter,

144 1876 264 1934 utnon
289 1876 410 1934 tantum
429 1877 581 1952 conceptu
601 1873 692 1954 juriS,
720 1873 775 1933 sed
799 1892 874 1934 vere
899 1873 960 1934 dici
980 1873 1079 1952 possit

145 1967 307 2027 Romanus
328 1966 470 2027 Pontifex
493 1966 524 2026 in
552 1985 621 2026 eam
648 1965 769 2026 venisse
787 1967 999 2043 voluntatem,
1025 1985 1078 2026 ne-

146 2077 234 2120 cesse
252 2062 346 2120 estut
364 2059 567 2137 synodalibus
582 2059 659 2119 actis
666 2060 831 2138 personalis
844 2059 926 2120 illius
946 2059 1079 2120 volontas

146 2151 289 2228 accedat,
310 2170 409 2231 eaque
427 2154 601 2213 confirmet.
619 2154 693 2223 Oua
712 2152 904 2230 solemnitas,
920 2152 993 2214 licet
1007 2170 1078 2231 pos-

146 2249 250 2306 trema
274 2243 327 2320 sit,
351 2243 471 2304 cacteris
492 2244 652 2322 praevalet,
670 2243 824 2323 siquidem
837 2248 940 2322 potest
953 2249 1079 2306 antece-

147 2338 258 2398 dentes
269 2336 408 2397 defectus
417 2337 712 2408 convocationisyel
721 2337 939 2398 celebrationis
951 2355 1074 2400 sanare.

189 2429 300 2501 Quoad
315 2433 446 2490 caeteras
462 2430 599 2507 synodos
613 2435 700 2505 vero,
717 2447 780 2489 non
796 2428 840 2488 ita
854 2432 997 2490 servatur
1009 2430 1078 2492 haec

147 2523 395 2584 confirmationis
407 2523 587 2584 necessitas
609 2525 689 2582 Nam
704 2521 744 2581 ad
759 2521 915 2599 synodum
929 2521 1079 2582 dioecesa·

147 2634 221 2676 nam
236 2616 322 2694 quod
344 2615 465 2691 attinet,
481 2616 567 2694 leges
579 2615 612 2674 in
627 2633 664 2674 ea
676 2613 814 2690 sancitae,
829 2613 861 2672 in
875 2613 943 2692 ipsa
957 2612 1078 2692 synodo

148 2709 189 2768 ab
209 2708 358 2787 episcopo
375 2709 591 2787 approbantur
604 2711 637 2768 et
654 2707 903 2786 promulgantur.
925 2707 979 2767 nst
996 2705 1079 2766 enim

147 2801 252 2879 potius
282 2801 447 2879 episcopus
468 2800 519 2880 qui
542 2799 573 2860 in
595 2800 715 2878 synodo
730 2799 782 2880 jus
800 2799 884 2877 dicit,
902 2817 997 2879 quam
1010 2798 1080 2878 ipsa

147 2895 289 2972 synodus
295 2893 347 2973 jus
363 2893 456 2954 dicat.

188 2987 238 3048 Ad
254 2986 390 3065 synodos
409 3004 484 3047 vero
499 2985 706 3064 provinciales
730 2987 779 3046 vel
799 2985 973 3048 nationales
994 2984 1079 3064 quod

148 3082 280 3158 spectat,
297 3079 442 3140 voluntas
457 3078 584 3158 quidem
592 3079 651 3139 fuit
661 3079 737 3141 Sixti
752 3081 845 3156 Papae
859 3081 896 3153 V,
910 3081 945 3137 ut
954 3077 1079 3136 illarum

149 3177 220 3234 acta
243 3175 376 3233 Romam
388 3173 554 3233 mittantur
574 3190 593 3231 a
608 3174 639 3234 S.
656 3175 689 3234 G.
706 3171 827 3232 concilii
852 3169 1077 3242 examinanda3

148 3269 343 3327 nontamen
369 3269 404 3326 ut
427 3264 558 3344 positive
587 3263 855 3326 confirmationem
874 3261 1028 3339 recipiant
1061 3281 1081 3323 a

149 3361 292 3420 Romano
318 3357 478 3433 Pontifice‚
505 3356 560 3417 sed
580 3360 615 3418 ut
627 3357 658 3416 in
682 3355 744 3415 illis
763 3353 960 3433 corrigantur
974 3355 1037 3431 illa,
1054 3354 1079 3414 si

150 3469 214 3530 qua
238 3450 318 3511 forte
334 3453 448 3526 essent,
471 3467 541 3528 qua
558 3452 652 3510 recta
667 3447 807 3524 rationis,
825 3446 968 3527 jurisque
980 3447 1081 3507 eecle-

149 3542 265 3605 siastici
277 3541 437 3621 principiis
447 3542 550 3603 minus
565 3541 746 3604 viderentur
761 3544 982 3602 consentanea.

946 3645 991 3698 w
