2546 4016
329 303 438 350 roe1ca
461 305 613 353 succisus
633 303 716 352 icius
738 305 892 354 canonici.
1043 294 1080 354 9⁷

197 448 335 511 Collectio
346 447 531 525 isidoriana,
548 453 621 528 post
632 449 850 528 praefationem
865 447 991 510 exhibet
1001 448 1082 511 ordi·

164 560 227 602 uem
239 540 418 602 celebrandi
432 541 581 618 concilia,
604 542 717 602 deinde
739 541 913 603 decretales
934 541 1082 622 epistolas

164 637 364 695 Romanorum
375 633 573 710 Pontificum,
587 633 766 696 aGlementi
778 635 803 694 1⁰
812 634 854 695 ad
867 635 1080 712 Sylvestrum;

161 730 259 805 postea
280 717 417 786 canones
439 725 658 802 conciliorum,
676 729 743 788 tam
765 727 960 805 generalium
987 745 1083 808 qnam

160 817 406 897 particularium,
431 816 580 878 incertas
601 819 716 880 classes
739 818 938 894 distributos3
956 820 1084 881 demum

159 910 347 992 sequentinm
362 912 575 970 Romanorum
589 911 776 974 Pontificum
788 911 963 974 decretales
982 931 1082 992 usque

159 1005 194 1064 ad
208 1002 391 1082 Gregorium
406 1002 566 1081 Magnum.

192 1095 235 1156 Ob
249 1093 436 1173 ignorantiae
448 1095 585 1156 latebras
594 1095 707 1174 quibus
720 1095 851 1158 historia
859 1095 959 1177 ,hujus
975 1097 1085 1158 collec-

157 1187 241 1250 tionis
255 1186 435 1262 inrolvitnr‚
452 1186 529 1248 nihil
543 1188 677 1267 amplius
701 1188 740 1250 de
756 1207 794 1249 ea
807 1188 887 1250 scire
902 1207 1081 1269 possumus.

289 1331 300 1384 s
314 1333 343 1373 ΙΙ.
360 1341 392 1373 na
406 1340 572 1376 aomonmrs
585 1343 770 1378 contunsione!
783 1331 937 1379 urminati.

442 1453 460 1494 1.
476 1453 507 1494 Da
513 1453 638 1496 collectione
647 1454 788 1506 moeonia.

186 1577 223 1640 V.
254 1571 344 1649 Quod
374 1575 415 1636 ad
439 1574 578 1654 Dionysii
608 1575 825 1638 collectionem
851 1577 987 1655 attinet,
1016 1578 1081 1640 siva

150 1667 331 1748 inspiciatur
344 1666 464 1728 indoles
480 1670 511 1729 et
535 1668 696 1747 ingenium
712 1668 902 1745 collectoris,
931 1668 997 1730 sive
1015 1687 1081 1731 res-

150 1761 281 1840 piciatur
298 1759 484 1821 existimatio
500 1779 595 1840 quam
607 1779 703 1840 penes
712 1759 839 1822 Latinos
852 1760 920 1821 haec
938 1761 1079 1824 collectio

150 1855 204 1916 sibi
217 1853 554 1932 comparaverit,omni
568 1854 630 1914 fide
641 1852 825 1932 dignissima
838 1852 982 1916 habetur.
1000 1855 1026 1914 N
1028 1871 1079 1916 arn

149 1947 263 2007 scimus
287 1964 325 2006 ex
340 1943 524 2007 cassiodoro
542 1945 587 2026 (o.
607 1947 645 2006 23
664 1945 841 2006 divinarum
855 1946 1075 2026 Lectionum),

150 2039 199 2120 qui
212 2040 324 2099 auctor
335 2036 482 2115 Dionysio
499 2055 622 2099 coaevus
635 2039 699 2114 est,
716 2038 800 2098 bunc
810 2038 970 2100 bominem
984 2039 1078 2100 fuisse

149 2136 214 2192 tum
235 2131 268 2190 in
289 2147 408 2208 graeoa,
430 2132 497 2190 tum
521 2129 553 2190 in
574 2127 672 2191 latina
694 2129 803 2208 lingua
820 2130 1075 2192 versatissimum.

148 2225 319 2301 Propterea
336 2221 376 2280 de
389 2220 471 2282 illius
484 2220 614 2282 scientia
634 2221 667 2281 in
684 2221 885 2282 traducendis
899 2222 1009 2302 graeois
1025 2241 1079 2284 ca·
1096 2226 1099 2230 ’

149 2315 283 2376 nonibus
298 2332 355 2375 nos
371 2313 515 2375 dubitare
529 2331 591 2374 non
606 2331 781 2391 possumus.
792 2314 960 2376 Scientiam
974 2318 1080 2377 antem

149 2406 354 2468 decretalium
388 2405 622 2467 pontificiarum
658 2404 761 2466 nullus
801 2407 925 2484 poterat
961 2405 1078 2468 habere

148 2498 303 2580 majorem
324 2502 420 2578 quam
440 2497 623 2576 Dyouisius,
637 2498 689 2578 qui
705 2501 813 2558 Romae
834 2497 969 2577 degens,
986 2502 1021 2559 nt
1034 2497 1079 2561 ait

149 2590 368 2666 Cassiodorus,
385 2609 475 2651 suam
489 2590 713 2652 collectionem.
729 2589 913 2669 composuit.
936 2590 1018 2668 Ergo
1038 2590 1077 2650 de

116 2731 119 2738 .
148 2683 280 2745 scientia
295 2681 469 2744 collectoris
484 2681 627 2744 dubitare
642 2701 705 2744 non
715 2699 891 2761 possumus.

189 2776 253 2838 Sed
267 2774 433 2835 etiamnon
449 2778 495 2836 est
509 2794 565 2835 our
577 2775 616 2834 de
628 2775 710 2835 illius
721 2773 876 2853 probitate
887 2773 1075 2854 dubitemus,

150 2866 306 2947 siquidem
329 2865 516 2926 describitur
538 2884 557 2925 a
577 2865 761 2929 cassiodoro
778 2865 931 2946 tanquam
943 2867 991 2929 vir
1003 2886 1077 2946 pro-

150 2959 255 3020 bitatis
279 2958 435 3034 maxima,
462 2959 603 3020 moribus
627 2958 753 3019 omnino
778 2960 955 3036 Romanus,
974 2963 1009 3020 ut
1038 2959 1082 3020 ait

151 3051 235 3112 idem
245 3049 459 3127 Cassiodorus,
474 3050 615 3110 alludens
626 3051 667 3110 ad
676 3068 780 3112 mores
795 3050 930 3112 nationis
941 3051 1077 3129 Scythes.

152 3145 229 3205 ilum
260 3146 365 3204 autem
395 3141 470 3202 certi
502 3142 598 3203 simus
627 3143 665 3203 de
697 3143 827 3204 scientia
864 3146 896 3204 ct
926 3142 1080 3221 probitate

152 3235 347 3312 collectoris,
382 3233 476 3294 fldem
508 3235 590 3295 illius
622 3234 796 3296 collectioni
833 3234 989 3314 denegare
1018 3255 1080 3298 non

152 3345 328 3406 possumus.

191 3421 243 3481 Vl.
268 3419 358 3490 Quod
373 3417 398 3478 si
414 3415 606 3480 Berhardius
620 3416 773 3500 quosdam
788 3417 903 3501 ingerit
918 3419 1081 3501 scrupulos

153 3510 191 3574 de
199 3511 261 3571 fida
271 3511 445 3573 collectoris
456 3512 655 3593 suspicanda,
667 3511 784 3574 scilicet
793 3513 977 3594 Dyonisium
986 3512 1080 3576 fuisse

241 3630 303 3676 ron.
324 3633 342 3674 1.
404 3698 407 3705 Ι
958 3620 974 3676 t
