2512 4012
381 283 419 332 un
440 283 569 332 carnoso
587 283 671 332 mnu
686 283 847 334 monica
1020 273 1081 348 m

138 427 289 510 praelatis
314 427 461 508 quadam
484 426 604 491 institui
627 428 760 510 collegia
787 429 994 508 olorinorum,
1022 429 1080 492 uli-

141 521 277 604 quaudo
288 521 442 583 laicorum
456 522 552 584 etiam
564 521 737 585 ministerio
755 524 942 601 coadunata,
965 523 1079 605 quibus

142 615 265 678 diversi
287 615 412 694 generis
433 616 562 696 negotia
584 617 739 694 curanda,
767 617 979 696 discutienda,
1003 616 1080 680 defi-

143 709 268 771 nienda
282 709 523 770 demandantur.

191 805 265 864 Haec
277 802 420 882 collegia,
435 820 505 882 quae
520 802 626 864 vocari
639 803 741 866 solent
750 804 981 883 deputationes,
993 822 1080 867 com·
1132 834 1134 840 v

143 896 325 972 missiones,
338 896 609 976 congregationes,
632 896 728 958 variae
748 896 909 976 dignitatis
924 915 992 959 esse
1006 915 1081 978 pos-

126 1069 128 1072 ,
145 997 233 1068 sunt,
254 989 320 1051 sive
336 987 477 1068 inspecta
496 989 680 1052 auctoritate
698 1008 764 1072 qua
781 988 998 1068 instituuntur,
1013 990 1079 1052 sive

145 1083 312 1146 nobilitate
326 1099 534 1161 personarum
546 1081 659 1162 quibus
672 1087 825 1160 constant,
845 1081 910 1145 sive
924 1083 1080 1164 magnitu-

147 1177 223 1239 dine
235 1175 351 1258 objeoti
364 1175 448 1237 circa
459 1175 544 1256 quod
554 1179 729 1253 versantur,
748 1176 813 1238 sive
824 1177 974 1257 qualitate
986 1176 1079 1259 juria

147 1269 294 1332 dictionis
309 1286 379 1349 quae
394 1269 468 1347 ipsis
483 1268 697 1332 committitur.
712 1269 831 1331 Exinde
843 1270 912 1332 haec
921 1271 1028 1348 etiam,
1039 1305 1080 1318 -

147 1364 231 1426 siout
242 1363 464 1425 antecedentes
477 1363 644 1443 categoria
654 1363 859 1443 collegiorum
874 1362 1075 1443 clericalium,

144 1493 189 1505 -
202 1459 308 1538 plures
321 1456 457 1519 admittit
468 1455 631 1518 inferiores
645 1459 678 1518 ct
689 1456 869 1536 superiores
887 1456 1014 1537 medus.
1030 1459 1078 1520 ln·

143 1552 257 1613 fimum
271 1550 523 1630 tenentgradum
537 1549 711 1628 peculiares
730 1548 966 1613 commissiones
986 1549 1078 1612 cleri·

145 1663 257 1707 corum
275 1643 312 1704 in,
327 1661 391 1704 una
405 1643 455 1704 vel
466 1642 528 1705 alia
549 1642 676 1704 dioecesi
697 1642 858 1720 institutae,
872 1649 908 1705 ut
930 1642 1077 1724 quadam

143 1737 273 1818 negotia
287 1737 467 1798 dioecesana
480 1737 692 1816 pertractent;
718 1735 891 1798 maximum
912 1753 988 1800 vero
1004 1753 1077 1800 cou-

143 1830 344 1912 gregatioues
356 1828 416 1890 illae
427 1845 497 1909 quaa
508 1829 655 1892 dicuntur
664 1828 912 1910 Congreqott'onos
921 1829 1074 1894 ammae.

144 1928 225 1986 Nam
249 1923 315 1985 sive
336 1923 478 2002 inspecta
493 1925 584 1985 Rom.
615 1922 775 1985 Pontificis
800 1923 997 2002 auctoritate,
1015 1941 1079 2003 qua

142 2019 272 2080 fuorunt
288 2016 454 2090 institutam
477 2015 543 2077 sive
558 2016 708 2096 qualitate
732 2035 940 2096 personarum
962 2017 1077 2099 quihus

142 2104 306 2188 constant,
322 2143 363 2156 -
388 2108 602 2172 cardinalibus
635 2125 749 2190 nempe
774 2113 917 2174 constant
944 2111 1076 2192 aliisquo

143 2205 239 2268 curiae
256 2202 431 2284 conspicuis
445 2220 585 2265 romanae
603 2202 694 2277 viris3
711 2237 751 2249 -
766 2203 833 2266 sive
852 2204 1001 2286 qualitate
1023 2221 1076 2266 nc-

143 2297 306 2378 gotiorum
332 2296 415 2358 circa
438 2314 508 2376 quae
533 2296 780 2374 adlaborant,-
799 2317 870 2378 quae
898 2317 1023 2378 nempe,
1041 2301 1077 2362 ut

142 2390 326 2471 plurimum,
354 2389 658 2451 administrationem
683 2391 827 2468 spectant
850 2391 1016 2465 Ecclesioe3
1036 2425 1077 2439 -

143 2485 208 2546 sive
224 2501 373 2562 suprema
386 2477 569 2545 auctoritato
585 2500 667 2562 quoe,
688 2482 720 2544 in
744 2481 808 2544 suis
830 2483 1004 2561 respective
1023 2503 1076 2546 ne-

143 2577 248 2658 gotiis,
265 2579 386 2638 altem.
399 2576 549 2638 Pontifice
561 2574 636 2654 ipsis
647 2575 913 2638 communicatur:
930 2575 1075 2640 omnihus

143 2671 212 2732 aliis
242 2668 539 2750 congregationibus
569 2685 708 2731 romanae
727 2668 772 2730 ita
795 2671 946 2749 praestant
966 2671 1002 2734 ut
1024 2669 1075 2733 hae

143 2764 217 2827 solae
227 2766 327 2828 totam
340 2763 422 2824 hano
432 2761 652 2824 tractationem
664 2761 723 2824 sibi
734 2761 904 2826 vindicent.

405 2883 436 2956 bc
448 2913 470 2954 s.
484 2912 690 2963 cenomanensibus
698 2915 804 2956 romano.

181 3034 312 3100 Omissis
320 3034 490 3116 igituraliis
499 3053 570 3117 qum
580 3036 677 3098 madio
687 3037 817 3102 minoris
826 3040 899 3100 sunt
907 3037 1070 3118 momenti,

142 3131 280 3211 primum
293 3129 407 3190 harum
423 3131 454 3192 S.
473 3133 510 3191 R.
523 3130 558 3190 a.
574 3131 860 3210 congregationum
870 3131 1031 3194 notionem
1042 3135 1074 3195 et

142 3223 351 3284 differentiam
370 3223 547 3298 trademus;
571 3223 699 3284 demum
721 3223 876 3303 principia
899 3225 1072 3290 statuemus

144 3317 182 3380 de
197 3317 339 3396 ipsarum
354 3316 549 3378 auctoritate.

182 3409 276 3472 XVII.
293 3408 384 3472 Notio
398 3416 427 3471 et
440 3408 608 3489 differentia
619 3407 654 3471 S.
670 3407 761 3489 Cooq.
771 3411 886 3487 ¹Romae
901 3427 1071 3491 congrega·

144 3503 243 3566 tiones
258 3503 404 3568 dicuntur
419 3501 551 3582 collegia
563 3501 763 3583 particularia
778 3522 815 3567 ex
833 3503 952 3585 aliquot
969 3503 1071 3567 cardi-
