2546 4016
354 269 461 319 noeros
482 267 636 318 sirenus
656 269 740 318 rura
762 266 918 318 rancura.
1046 255 1102 320 {al

167 415 290 494 latoris,
321 433 392 496 quae
419 415 558 478 exercitii
583 415 686 494 gratia
712 415 872 495 ponuntur
895 413 927 476 in
947 431 1001 476 ora
1023 413 1105 476 illius

169 514 281 574 contra
298 527 393 590 quem
404 508 547 572 Pontifex
565 508 718 572 rescribit.

210 603 265 666 Sic
278 603 376 664 instat
389 602 543 679 interpres
560 621 566 662 :
588 623 602 658 u
614 601 787 664 Videbatur
802 603 833 664 S.
848 604 883 663 P.
895 619 1104 681 responsurus

168 695 402 759 admittendam
440 713 508 756 esse
544 695 800 773 appellationem
829 712 965 774 namque
1000 695 1106 756 aiebat

168 789 316 863 Gaius...;
331 811 345 847 n
365 791 397 849 et
418 787 619 867 prosequitur
639 787 824 849 deducendo
839 790 1026 866 argumenta
1045 805 1103 868 pro

104 947 108 954 ,
167 883 297 963 iugenio
312 901 369 943 suo
385 883 416 942 st
427 880 633 944 dicendorum
645 880 788 942 materia.

213 973 325 1048 θιιίηεα
342 976 477 1052 pareest
493 971 609 1049 dessio,
631 989 701 1052 quae
720 972 765 1033 sic
788 972 994 1051 proponitur:
1015 971 1102 1034 ‹rscd

168 1067 220 1128 lris
243 1066 417 1129 rationibus
430 1084 494 1126 non
509 1065 716 1141 obstantibus,
746 1065 888 1126 Pontifex
907 1064 1099 1144 rescripsit.»

168 1162 211 1222 Et
227 1160 343 1239 legitur
364 1158 536 1238 responsio.

212 1266 307 1327 Secta
320 1285 393 1344 pars
407 1267 455 1326 est
468 1265 546 1324 ratio
560 1262 721 1339 decidendi,
740 1282 803 1344 qua
816 1266 959 1326 firmatur
972 1265 1103 1344 aequitss

169 1358 338 1420 decisionis
352 1357 540 1437 legislatoris
561 1357 681 1418 idoneis
696 1357 905 1437 argumentis;
934 1374 1005 1437 quse
1030 1375 1104 1437 pars

169 1448 342 1532 aliquando
369 1452 409 1512 ab
431 1451 499 1529 ipso
525 1450 703 1530 legislatore
726 1451 852 1530 petitur,
874 1450 1042 1531 aliquando
1065 1469 1103 1512 ex

166 1545 250 1628 juris
268 1542 428 1624 principiis
454 1543 504 1606 val
528 1561 565 1602 ex
588 1543 661 1604 iacti
691 1543 931 1605 circumstantiis
963 1543 1004 1603 ab
1034 1543 1102 1621 ipso

169 1637 343 1716 interprete
370 1636 545 1712 deducitur,
570 1633 870 1716 cujus'iormulasic
894 1653 926 1696 ss
948 1634 1102 1710 hebetia

170 1731 362 1810 primocasu
380 1750 387 1790 :
408 1751 421 1786 n
433 1731 472 1790 Et
485 1729 565 1790 ratio
580 1729 746 1790 decidendi
757 1733 803 1790 est
817 1728 871 1788 illa
882 1745 978 1808 quam
988 1745 1104 1807 propo-

170 1823 296 1901 nitipse
316 1821 469 1883 Pontifex.
491 1843 505 1880 n
532 1823 600 1893 Qua
617 1821 758 1897 recitata,
775 1838 846 1882 eam
861 1839 918 1900 pro
939 1820 1027 1882 libito
1046 1839 1103 1882 suo

170 1915 349 1976 illustratet
363 1914 510 1992 explanat
523 1913 687 1992 interpres.

212 2007 348 2086 Septima
375 2025 448 2084 pars
483 2009 531 2066 est
553 2006 699 2086 respersio
724 2006 766 2067 cd
786 2006 913 2067 reticeres
938 2005 1104 2081 dubitandi,

172 2118 268 2180 quam
282 2117 356 2161 mox
368 2097 529 2179 subjungit
543 2098 696 2177 interpres
706 2096 764 2160 sub
777 2099 837 2160 hac
854 2099 1003 2160 formula:
1017 2120 1031 2156 o
1042 2101 1105 2160 Neo

171 2192 390 2254 valentallatae
406 2191 543 2252 rationes
557 2191 741 2268 dubitandi‚'
752 2192 835 2272 quia,
851 2196 910 2254 etc.
926 2215 940 2250 n

214 2285 325 2346 Octava
343 2303 417 2363 pars
438 2284 580 2344 conclusio
593 2287 640 2345 est
657 2305 664 2345 :
684 2307 699 2342 c
713 2287 799 2364 Ergo·
815 2286 931 2364 optime
947 2285 1106 2364 rescripsit

172 2378 333 2452 Pontifex;
350 2399 364 2434 a
382 2380 413 2438 et
427 2376 541 2438 iterum
553 2378 725 2439 recitantur
738 2378 837 2439 verba
850 2377 1002 2456 rescripti.

536 2553 667 2616 CAPUT
689 2555 742 2615 IV.

402 2760 403 2764 ,
483 2713 521 2756 aa
549 2701 673 2758 uacuus
695 2713 788 2758 runis.

212 2850 235 2909 l.
260 2849 417 2909 Hactenus
431 2844 527 2906 locuti
539 2863 650 2906 sumus
665 2846 704 2906 de
719 2845 975 2925 interpretatione
993 2847 1106 2909 doctri-

174 2939 235 3002 nali
247 2939 366 3018 legnm,
389 2941 420 2998 et
434 2936 474 2997 de
490 2937 606 3016 regulis
626 2937 746 3016 quaein
770 2938 830 3000 hac
850 2937 1105 3018 interpretatione

174 3031 316 3094 adhiberi
346 3030 457 3091 solent.
489 3031 638 3109 Superest
666 3033 701 3091 ut
740 3031 915 3110 praeoipuas
943 3029 1106 3091 tradamus

173 3123 387 3206 reputaveris,
405 3139 475 3202 quae
490 3139 603 3199 nempe
623 3121 655 3181 in
672 3122 881 3201 applicatione
897 3123 1003 3200 legum
1023 3125 1054 3182 at
1074 3121 1105 3182 in

173 3215 429 3296 interpretatione
448 3213 590 3295 judiciali
609 3217 816 3293 usurpantur,
843 3232 882 3274 ac
906 3213 1039 3292 proinde
1065 3215 1106 3276 ad

172 3308 395 3390 jurisperitiem
423 3309 565 3386 spectant
581 3307 604 3369 ¹.
621 3306 692 3368 Illas
705 3305 877 3368 referemus
895 3325 964 3388 quae
985 3307 1016 3370 in
1034 3327 1108 3370 nos-

207 3515 213 3544 ¹
230 3513 298 3566 Vide
310 3513 437 3566 Meschat.
448 3514 512 3564 lust.
521 3511 591 3577 juris
604 3526 673 3578 can,
691 3512 707 3564 l.
722 3523 747 3577 v,
761 3526 783 3563 c.
797 3525 840 3565 xi.
