2514 4014
162 277 200 338 {8
369 278 598 338 rusrrrurronns
618 289 700 337 runrs
721 287 875 339 conentur.

161 449 257 496 eausa
273 436 330 494 est.
350 433 442 493 Nulla
457 453 532 513 ergo
552 453 572 495 a
589 433 731 512 tempore
745 433 876 496 mutatio
890 429 958 496 fieri
972 437 1091 514 potest.

203 525 321 588 Suadet
340 525 373 587 ³⁰
393 525 539 588 Ecclesiae
558 524 684 588 traditio
703 545 772 606 quae
790 530 942 607 perpetuo
960 527 1095 607 agnovit

161 620 194 679 in
213 621 354 680 Romano
376 618 526 680 Pontifice
539 637 759 681 ¹successorem
775 618 918 696 Petri-in
935 619 1094 700 episcopis

163 721 357 772 successores
367 712 589 788 apostolorum.
604 711 732 773 Diverso
743 716 848 772 tamen
858 707 953 773 modo
968 728 1094 774 succes-

163 807 271 865 serunt
284 804 416 864 Romani
428 803 594 865 Pontifices
609 805 712 880 Petro,
728 803 874 884 apostolis
887 804 1024 884 episcopi
1040 825 1045 864 :

202 897 334 956 Romani
360 897 526 959 Pontifices
543 900 760 958 successerunt
781 895 872 958 Petro
897 913 954 974 per
977 897 1094 958 seriem

164 990 334 1069 quamdam
358 1009 420 1051 non
453 989 659 1068 interruptam
688 1007 751 1068 qua
777 989 890 1068 singuli
919 989 1095 1052 decessoris

163 1083 267 1143 locum
278 1087 465 1162 occupantes
479 1100 586 1143 omnes
596 1082 773 1160 plenissime
784 1079 856 1143 iacti
868 1086 940 1143 sunt
950 1081 1095 1142 haeredes

164 1174 327 1252 potestatis
340 1173 490 1238 aGhristo
505 1173 638 1235 tradita.

205 1267 268 1327 Sed
282 1266 418 1345 episcopi
428 1285 491 1328 non
506 1269 723 1328 successerunt
735 1265 847 1346 singuli
859 1267 990 1346 singulis
1000 1283 1096 1347 apos-

164 1359 246 1436 tolis,
272 1358 328 1419 sed
355 1357 459 1438 patius
481 1359 678 1438 episcopatus
709 1360 921 1438 apostolorum
946 1360 986 1421 ad
1015 1360 1095 1421 alios

166 1453 260 1513 etiam
281 1470 338 1529 pro
354 1451 538 1512 necessitate
558 1454 589 1512 et
613 1470 670 1530 pro
693 1451 925 1531 opportunitate
945 1451 1094 1514 llcclesiae

165 1548 356 1628 propagatus
370 1544 438 1606 fuit.
451 1543 540 1607 Unde
551 1544 704 1605 successio
716 1543 934 1623 episcoporum
947 1543 1096 1607 inlocum

167 1638 380 1716 apostolorum
394 1637 558 1715 dupliciter
572 1635 762 1699 considerari
776 1640 898 1717 potest:
912 1640 942 1698 1⁰
953 1636 1003 1698 rel
1018 1653 1095 1716 qua-

165 1734 256 1792 tenus
271 1730 486 1792 consideratur
503 1730 699 1791 successioto
701 1729 762 1791 tius
772 1729 893 1808 collegii
908 1723 1095 1810 episcopalis

166 1823 297 1902 collegio
308 1825 397 1901 apost
384 1823 493 1896 tolico;
510 1823 540 1882 2⁰
554 1824 604 1884 vel
619 1825 772 1902 quatenus
793 1822 1008 1884 consideratur
1023 1839 1096 1882 suc-

167 1914 264 1975 cessio
286 1913 480 1992 singulorum
500 1913 717 1994 episcoporum
742 1915 909 1977 auctoritat
863 1915 982 1977 tatiilli
998 1933 1095 1994 quam

166 2006 326 2067 habebant
312 2005 453 2086 tsinguli
470 2011 560 2086 apost
546 2007 612 2069 toli.

205 2099 237 2160 Si
248 2099 344 2178 prius,
359 2101 513 2161 successio
529 2101 746 2162 universorum
768 2100 987 2181 episcoporum
1002 2119 1094 2180 apos-

165 2191 237 2254 tolis
255 2211 331 2252 vera
351 2195 439 2252 este
440 2192 601 2274 tproprie
624 2193 708 2254 dicta
675 2194 896 2271 tsuccessio,
923 2197 1092 2273 quatenus,

167 2284 319 2345 defunctis
335 2285 499 2364 apostolis,
517 2285 684 2364 collegium
702 2287 921 2365 cpiscoporum
934 2285 1037 2346 locum
1050 2287 1095 2344 te-

167 2380 221 2438 net
234 2377 356 2456 collegii
369 2379 540 2455 apostolici.
555 2379 586 2440 Si
601 2395 675 2439 vero
693 2377 908 2440 consideratur
927 2377 1092 2456 posterius,

169 2469 322 2530 successio
337 2469 441 2549 quoad
456 2470 594 2550 singulos
606 2489 681 2532 vera
696 2473 726 2532 et
738 2471 863 2550 proprie
876 2471 961 2532 dicta
972 2485 1096 2530 succes-

168 2561 226 2639 sio,
242 2581 304 2641 qua
316 2580 477 2624 successor
489 2564 594 2624 locum
605 2565 691 2624 tenet
705 2563 919 2640 antecessoris,
937 2562 1000 2622 n'on
1013 2560 1097 2622 veri-

169 2656 299 2727 ficatur3
320 2655 376 2716 sed
389 2656 514 2716 videtur
529 2653 710 2735 impropria,
729 2659 883 2735 quatenus
901 2655 1018 2715 scillcet
1035 2653 1096 2712 sin·

169 2746 234 2824 guli
252 2747 389 2808 habeant
399 2747 533 2827 gradum
550 2747 663 2809 divinae
673 2746 884 2824 institutionis,
897 2747 952 2807 sed
962 2745 1097 2826 gradum

171 2839 398 2916 dependentia,
416 2859 510 2918 quem
524 2841 707 2902 obtinebant
716 2841 828 2919 singuli
845 2839 987 2918 apostoli.

210 2933 251 2992 At
263 2949 334 2991 cum
346 2932 478 3011 apostoli
494 2937 597 2994 essent
607 2934 778 2994 anteriores
792 2931 949 3008 Ecclesiae,
972 2929 1098 2992 ordina-

169 3023 253 3084 rium
276 3023 400 3085 illorum
423 3025 560 3086 officium
584 3029 652 3086 erat
674 3025 805 3087 fundare
829 3023 1015 3100 Ecclesiam,
1034 3040 1098 3083 nun

171 3135 292 3195 regere.
309 3119 433 3195 Contra,
449 3117 585 3198 episcopi
599 3119 651 3197 qui
664 3122 734 3198 post
752 3117 924 3179 Ecclesiam
939 3115 1097 3178 conditam

173 3209 268 3269 creati
283 3213 355 3270 sunt
373 3228 430 3288 pro
452 3211 609 3272 ordinario
629 3211 731 3272 officio
751 3211 868 3272 hahent
884 3228 946 3270 non
965 3208 1097 3269 fundare

173 3300 227 3360 sed
241 3319 362 3380 regere.
380 3304 453 3364 llaec
472 3306 519 3364 est
536 3304 711 3366 differentia
729 3303 885 3384 objectiva
898 3302 980 3362 inter
995 3304 1098 3379 potes-

174 3396 270 3454 tatem
282 3393 476 3474 singulorum
490 3396 702 3475 apostolorum
719 3399 750 3457 et
767 3396 961 3474 singulorum
981 3393 1098 3472 episco-

174 3503 296 3563 pcrum.
306 3485 481 3564 Sipotestas
490 3487 668 3568 insubjecto
679 3487 904 3564 consideratur,
914 3485 1000 3546 nulla
1010 3483 1099 3545 adest
