2546 4016
188 311 254 376 'tro
375 360 378 368 Ι
402 325 631 381 rrsrrrorroros
651 325 733 376 runs
755 312 909 377 cononici.

194 475 274 537 estio
288 474 417 555 virginis
430 477 537 537 secuto
551 475 607 552 est,
623 475 741 536 attento
751 472 822 554 jure
834 467 980 546 naturali,
997 466 1130 532 restitu-
1197 478 1199 482 ’

192 568 236 630 tio
250 568 394 630 fsoiende
410 571 508 645 esset,
523 567 582 630 nisi
604 565 694 646 virgo
714 565 915 646 dilapidasset
938 561 1126 642 pecuniam,

192 661 268 742 quie
280 664 356 723 tuno
366 663 526 724 voluntate
542 661 625 738 Titii,
642 664 675 722 et
685 657 920 738 consumptione
933 655 1007 718 fecit
1019 673 1124 734 suam,

191 773 294 835 neque
305 773 377 816 oum
387 754 502 816 damno
515 773 572 816 suo
584 754 747 816 restituere
759 755 898 824 tenetur;
909 749 1127 812 multominus

191 847 349 910 fornicari.
361 850 396 910 In
411 867 526 910 conse:
543 845 768 908 minor-minori
778 845 867 906 dedit
876 842 1043 924 pecuniam
1054 860 1125 904 mu-

192 942 298 1018 tuom,
317 945 348 1003 et
362 941 388 1002 is
402 959 473 1002 eom
488 939 671 1020 dilapidavit
693 960 699 1002 :
720 939 753 1000 in
776 938 836 1001 hoc
855 957 930 1000 eesu
948 935 1052 1016 potior
1075 937 1125 998 est

193 1034 328 1096 conditio
360 1033 586 1111 consumentis,
612 1035 720 1112 utpote
746 1030 951 1111 possidentis,
972 1033 1007 1091 ut
1031 1029 1124 1092 resti·

191 1130 279 1188 tuere
294 1146 356 1189 non
368 1131 521 1191 teneatur.
538 1126 665 1205 Excipe,
680 1125 739 1186 nisi
750 1125 803 1206 jus
812 1125 936 1186 resistet
948 1121 1121 1211 possidenti

191 1221 223 1280 et
237 1219 360 1282 assistet
372 1219 496 1298 petitori
510 1240 518 1294 ;
546 1223 580 1281 ut
594 1219 619 1280 si
636 1218 772 1298 religiosi
787 1217 969 1297 possideant
982 1215 1121 1278 decimes

190 1311 347 1391 paroehiae
362 1333 369 1389 ;
392 1316 468 1375 tune
483 1312 566 1374 enim
583 1329 744 1392 possessor
758 1311 893 1390 probare
907 1313 1032 1373 tenetur
1045 1308 1139 1370 titu-'

190 1405 254 1466 lum
267 1406 477 1486 proprietatis.

229 1503 280 1562 22⁸
301 1499 402 1562 Potest
416 1501 480 1582 quic
496 1519 551 1582 per
568 1499 670 1575 olium,
686 1499 765 1581 quod
780 1507 879 1580 potest
898 1499 996 1579 sarcre
1010 1516 1069 1578 per
1092 1518 1122 1560 oc

189 1593 293 1674 iprum.
309 1597 386 1674 fleg.
397 1595 458 1657 isto
471 1594 614 1674 procedit
624 1595 663 1655 de
676 1593 860 1671 notionibus,
874 1610 943 1674 quae
954 1610 992 1654 ex
1006 1595 1121 1657 natura

190 1687 345 1768 delegari,
359 1691 390 1750 et
403 1689 546 1750 mandari
562 1689 694 1767 possunt
706 1707 713 1762 ;
731 1690 765 1748 ut
775 1686 918 1766 judicare
931 1703 988 1765 per
1002 1685 1116 1764 elium,

189 1781 424 1843 matrimonium
437 1781 621 1844 contrahere
633 1801 641 1857 ;
653 1799 716 1842 non
725 1797 800 1842 vero
813 1779 852 1840 de
865 1778 1039 1842 actionibus
1048 1797 1119 1858 per-

188 1874 339 1936 sonaliter
350 1875 531 1936 exercendis
546 1895 553 1936 ε
569 1876 614 1935 sio
635 1873 718 1935 enim
745 1891 807 1935 non
830 1875 920 1952 potes
942 1889 998 1952 per
1021 1871 1118 1934 olium

185 1965 340 2046 jejunare,
348 1967 676 2047 poenitentiemogero‚
684 1965 1118 2045 missomeudireeteiicon-

185 2062 238 2122 tra
251 2059 409 2123 interdum
415 2067 514 2140 potest
524 2058 589 2142 quis
597 2078 655 2140 per
668 2059 779 2136 olium,
795 2058 875 2142 quod
885 2079 943 2121 non
950 2067 1049 2140 potest
1057 2077 1118 2139 per

187 2153 339 2233 recissum·
349 2153 424 2234 quie
435 2153 468 2214 id
478 2170 541 2215 non
552 2154 667 2231 dccet,
684 2152 734 2213 vel
750 2152 870 2215 ratione
884 2169 1026 2236 pprsonee
1041 2198 1049 2230 ,
1065 2150 1117 2214 vel

187 2245 308 2308 ratione
320 2247 377 2323 rei,
390 2265 445 2307 seu
458 2264 571 2310 causes.
585 2241 639 2309 'Sic
652 2244 826 2325 episeopus,
844 2265 908 2308 non
919 2265 975 2326 per
990 2263 1041 2324 sc,
1058 2245 1115 2310 sed
1155 2310 1157 2316 ,

186 2357 243 2418 per
258 2337 353 2400 alium
375 2343 478 2420 potest
488 2339 616 2403 elericos
631 2337 810 2416 verberare,
822 2337 977 2419 judicium
990 2337 1115 2418 sangui·

186 2431 235 2494 nis
248 2451 403 2497 exercere.

225 2529 277 2588 232
298 2527 335 2588 In
349 2527 481 2610 pennalt
491 2527 671 2610 {recensione
688 2547 745 2590 noo
764 2527 882 2590 venient
897 2544 942 2603 eo,
963 2545 1029 2610 quoe
1049 2526 1115 2609 quis

185 2639 243 2681 noo
256 2629 327 2683 esset
339 2592 543 2684 omoeimititer
556 2622 587 2682 in
598 2622 690 2702 specie
701 2641 892 2684 comessurus.
909 2623 983 2683 Iiaec
1004 2620 1115 2700 regule

185 2713 304 2776 indicet
327 2715 385 2776 suh
407 2733 523 2795 genere
540 2714 705 2776 commisso
730 2733 891 2796 nunquam
915 2715 1022 2778 venire
1043 2713 1114 2777 illas

111 2797 113 2801 ’
184 2806 317 2884 species,
334 2826 405 2888 quae
415 2807 543 2886 speciali
555 2808 755 2887 expressione
769 2812 842 2870 sunt
855 2795 968 2888 dignus.
988 2807 1039 2871 Sic
1053 2806 1111 2868 sub

186 2901 339 2977 potestate
349 2900 488 2979 generali
503 2901 668 2962 commisso
677 2901 794 2964 vicario
805 2921 868 2963 non
880 2902 1112 2981 venitpotestes

186 2991 397 3072 donandi,eut
408 2993 583 3056 orindnelie
592 2994 768 3072 exercendi,
780 2995 838 3056 sub
846 2997 999 3073 potestate
1010 2991 1113 3056 absol-

184 3085 278 3147 vendi
294 3105 357 3149 non
371 3087 458 3150 venit
470 3089 607 3169 potestas
622 3087 804 3149 absolvendi
819 3106 839 3148 e
852 3087 1036 3161 reservetis;
1052 3083 1111 3148 sub

184 3181 322 3256 generali
337 3184 490 3260 potestate
504 3180 597 3260 legati
611 3199 674 3244 non
687 3180 774 3243 venit
786 3183 925 3260 potestus
943 3181 1027 3242 circa
1040 3195 1112 3242 enu-

184 3287 235 3335 ses
248 3272 331 3336 fidei.
