2484 4016
131 259 209 348 ¹ata
358 273 589 323 mauraneum
609 273 692 322 maa
712 271 869 322 ornemur.

149 417 235 500 quod
242 415 344 480 divino
356 418 513 499 sapientia,
531 417 677 498 cujusest
689 419 725 480 ut
743 421 891 498 procuret
910 417 1036 480 doctam
1048 419 1092 482 et

149 513 235 593 piam
260 510 486 573 institutionem
507 511 539 574 in
564 511 709 573 omnibus
734 511 907 592 gymnasiis
924 512 974 574 vel
995 502 1093 574 atbe-
1155 532 1158 538 ’

151 605 227 666 naeis
242 605 368 666 didonis
386 604 518 666 Romani
533 605 703 666 Pontificis.
715 607 886 684 Propterea
900 624 963 666 non
977 608 1091 668 exten-

150 697 235 760 ditur
247 698 290 758 ad
300 697 479 760 universam
490 697 675 775 Ecclesiam,
691 698 746 759 sed
760 701 882 760 tantum
897 699 937 759 ad
959 699 1092 760 univer-

150 809 221 853 sum
233 794 349 854 statmo
367 791 575 872 temporalem
587 790 734 854 Ecclesia
754 808 902 852 romana.
932 793 979 852 Ab
1000 791 1092 854 illius

148 884 364 966 jurisdictione
379 884 556 946 eximuntur
568 877 673 946 omnia
687 884 819 964 collegia
826 888 980 964 exempta,
989 885 1092 946 semi-

151 978 251 1054 naria,
264 977 379 1039 schola
392 978 630 1055 monachorum,
646 981 706 1040 etc.

97 1115 99 1120 -
192 1072 315 1132 XXVII.
339 1069 420 1130 Doto
447 1069 490 1132 'sic
521 1071 637 1132 notione
673 1070 801 1132 omnium
829 1071 1093 1152 congregationum

152 1182 350 1238 rmnenarum,
360 1182 505 1244 ponamus
516 1171 630 1246 oportet
644 1164 745 1246 aliquo
756 1164 910 1246 principia
929 1163 964 1226 dc
980 1183 1092 1228 eornm

152 1257 336 1318 auctoritate.

193 1353 223 1413 l⁰
243 1349 423 1413 iurisdictio
436 1350 549 1412 harum
568 1351 848 1432 congregationum
863 1355 911 1413 est
924 1352 1085 1432 delegata.

192 1448 223 1506 2⁰
244 1445 422 1507 Auctoritas
433 1463 503 1525 qua
518 1446 732 1524 utplurimum
754 1449 785 1506 ec
804 1444 1012 1506 communiter
1037 1446 1093 1508 ὴὲ

155 1556 303 1600 concessa
313 1541 370 1615 cst,
380 1541 427 1600 est
435 1539 486 1600 vel
494 1537 758 1614 ¹oeconomica,vel
765 1537 923 1618 judicialis
933 1539 965 1599 in
977 1539 1091 1600 ordine

153 1651 222 1710 suo,
238 1651 294 1694 seu
306 1649 363 1710 pro
379 1631 512 1712 negotiis
526 1632 702 1710 assignatis,
713 1634 883 1710 Propterea
896 1633 998 1694 solent
1008 1632 1092 1694 iniis

154 1728 234 1788 R.P.
248 1743 338 1786 suam
349 1726 549 1804 interponere
558 1725 776 1786 auctoritatem
785 1724 850 1785 sive
861 1725 894 1785 in
903 1725 1005 1787 forma
1014 1743 1093 1805 gra-

154 1818 1092 1898 tiosa,siveinlormacontentiosa.Solumaliquandopotest

36 1930 37 1934 ’
156 1916 333 1991 competere
358 1912 406 1973 his
433 1911 729 1991 congregationibus
747 1911 879 1974 facultas
899 1911 1087 1992 legislativa,

155 2023 268 2084 nempe
283 2005 308 2066 si
324 2005 465 2066 consulto
485 2007 627 2066 Romano
650 2003 800 2066 Pontifice
816 2003 933 2085 aliquid
956 2023 1090 2084 genera-

154 2099 225 2162 liter
236 2098 415 2178 disponant,
432 2098 510 2159 etad
522 2099 621 2159 instar
631 2099 737 2177 legum
749 2098 938 2178 generaliter
947 2099 1090 2178 promul-

100 2190 103 2193 ’
153 2193 239 2271 gant,
255 2189 338 2270 quod
354 2193 402 2251 cst
416 2190 710 2267 extraordinarium,
728 2194 788 2252 cto.

192 2287 227 2346 3⁰
237 2285 312 2344 Haec
322 2283 438 2362 duplex
446 2283 615 2344 auctoritas
631 2285 678 2344 cst
689 2283 721 2343 in
731 2302 787 2345 suo
801 2301 916 2364 genere
923 2303 1085 2363 suprema,

154 2378 280 2459 quando
293 2376 475 2438 immediate
494 2380 721 2455 repraesentant
745 2377 847 2457 ipsam
860 2378 992 2440 Romani
1006 2381 1087 2440 Pon-

151 2471 243 2535 tificis
263 2471 492 2534 auctoritatem.
507 2469 597 2533 Unde
614 2489 635 2531 a
652 2471 808 2532 sannatia
827 2471 939 2533 harum
952 2489 1087 2550 congre-

152 2565 315 2646 gationum
328 2582 392 2627 non
415 2564 508 2626 datur
534 2563 665 2625 ulterior
684 2563 861 2642 appellatio.

191 2663 224 2720 4⁰
244 2657 425 2722 iurisdictio
436 2657 484 2718 bis
499 2655 795 2736 congregationibus
806 2659 986 2738 competens
997 2676 1087 2720 exer·

153 2754 241 2813 cetu-r
266 2767 324 2830 pro
340 2749 464 2810 casibus
483 2748 595 2826 obviis,
610 2749 803 2830 quotidianis
826 2754 860 2812 et
882 2748 1050 2814 ordinariis
1067 2769 1087 2812 a

152 2842 320 2904 secretario
332 2840 527 2920 singularum
540 2842 830 2922 congregationum,
846 2860 917 2906 cam
929 2861 1086 2907 consensu

153 2934 320 2998 cardinalis
340 2933 495 3012 praelecti3
513 2949 570 3014 pro
595 2935 719 2998 casibus
747 2939 853 2998 autern
867 2933 997 3018 majoris
1018 2955 1088 3000 mo·

152 3027 260 3105 menti,
274 3027 314 3089 ab
328 3027 451 3106 integro
467 3027 688 3108 collegiatam
702 3029 921 3108 cardinalium,
934 3035 1002 3093 tum
1012 3050 1085 3095 con-

152 3121 317 3199 sultorum,
333 3120 492 3201 siquidem
504 3121 562 3182 hos
586 3121 713 3199 babeat,
730 3122 790 3185 hae
809 3143 883 3186 vero
908 3124 1087 3188 differentia

153 3213 237 3297 quod
257 3215 431 3277 cardinales
454 3215 712 3278 habeantvotum
736 3216 986 3296 deliberativum,
1009 3236 1086 3280 eon-

152 3307 285 3370 sultores
299 3325 375 3372 vero
396 3312 519 3372 tantum
529 3309 780 3373 consultativum.
791 3313 962 3392 Propterea
975 3312 1087 3376 ultima

153 3400 268 3464 decisio
283 3403 434 3480 pendete
449 3403 627 3484 maJ'oritate
648 3406 795 3468 votorum
815 3405 1023 3468 cardinalium
1044 3407 1084 3468 de

154 3493 408 3574 congregatione.
