2512 4012
163 229 220 288 196
363 241 593 287 rusruurronns
614 243 696 288 rums
720 243 874 290 cunorncr.

160 386 255 466 Atqui
265 385 306 446 ad
318 387 413 446 finem
424 385 680 464 consequendum
692 386 904 448 necessarium
918 388 975 463 est,
987 386 1096 448 media

160 498 218 557 per
232 481 421 558 potestatem
444 477 608 557 legiferam
622 480 783 558 proposita
804 480 863 541 rite
878 479 1043 558 applicari3
1060 479 1097 546 id

160 575 267 633 autem
277 574 417 650 spectata
428 574 522 632 rectae
533 572 749 650 applicationis
761 576 883 650 natura,
898 565 1097 652 humanique

160 666 337 726 intellectus
361 665 557 741 diversitate,
581 683 863 745 perversarumque
885 666 1097 744 cupiditatum

160 763 248 835 cesto,
266 776 327 838 quo
343 775 406 818 non
425 775 497 818 raro
510 760 723 836 transversum
739 758 872 837 agimur,
889 758 956 818 fieri
969 759 1092 837 nequit,

160 852 218 912 nisi
233 851 265 911 in
275 851 345 928 ipsa
356 850 505 912 societate
519 853 656 928 potestas
670 851 719 928 sit,
736 851 785 911 cui
800 870 911 928 parere
926 854 1095 912 66166616-

160 947 304 1020 neantur,
322 943 362 1003 de
373 961 449 1004 vera
455 943 603 1023 justeque
613 944 790 1005 mediorum
803 944 1010 1022 applicatione
1022 947 1096 1005 tum

161 1037 192 1097 in
205 1056 248 1114 se,
267 1040 333 1097 tum
344 1036 441 1097 relate
457 1036 497 1096 ad
511 1036 667 1096 sociorum
682 1037 821 1098 actiones
832 1036 1010 1116 judicandi;
1028 1055 1096 1117 qua

53 1183 55 1187 ,
160 1131 235 1189 inre
246 1131 383 1206 potestas
394 1128 562 1208 judiciaria
576 1129 725 1190 consistit.
737 1131 819 1208 Ergo
832 1130 980 1208 competit
994 1129 1095 1190 socie-

160 1221 215 1282 tati
226 1221 373 1300 perleotae
388 1224 526 1298 potestas
536 1221 714 1301 judiciaria.

199 1337 212 1371 o
238 1313 267 1392 c)
290 1315 498 1376 Confirmatur
516 1314 687 1392 propositio
707 1315 811 1395 quoad
836 1315 969 1394 primam
986 1317 1093 1392 potes-

161 1407 232 1468 tatis
239 1406 414 1486 judiciariae
428 1411 559 1484 partem,
573 1407 605 1467 id
620 1412 667 1468 est
679 1411 857 1487 competere
872 1406 1011 1470 societati
1021 1425 1093 1485 per-

160 1502 248 1562 fectae
260 1499 311 1578 jus
328 1499 538 1578 cognoscendi
552 1500 589 1560 de
601 1519 676 1561 vera
688 1500 836 1581 justaque
849 1500 1024 1562 mediorum
1037 1517 1092 1578 ap-

160 1593 326 1672 plicatione
348 1592 380 1652 in
397 1611 429 1652 se
451 1596 600 1670 spectata,
627 1597 779 1672 quatenus
801 1594 948 1654 nimirum
964 1593 1094 1652 adeum

159 1687 289 1746 modum
304 1704 340 1746 ac
351 1705 478 1746 sensum
491 1686 635 1746 facienda
650 1685 698 1763 sit,
717 1674 778 1765 quo
793 1687 902 1747 eadem
916 1685 1021 1746 media
1035 1703 1093 1764 per

159 1781 347 1857 potestatem
356 1778 521 1856 legiferam
533 1779 619 1838 fuere
635 1778 805 1857 proposita.
818 1779 892 1858 Ejus
906 1782 953 1839 est
963 1796 1093 1857 cognos-

161 1891 233 1932 cere
249 1871 288 1931 de
303 1889 378 1931 vero
403 1872 509 1948 legum
529 1881 632 1947 sensu,
657 1871 745 1950 cujus
759 1875 806 1932 est
819 1872 900 1931 ferre
912 1872 1009 1949 leges,
1025 1874 1093 1931 tum

160 1964 234 2042 quia
257 1980 349 2022 nemo
370 1962 482 2022 melior
502 1963 656 2040 interpres
671 1967 727 2040 est,
750 1983 844 2043 quam
864 1965 930 2042 ipse
947 1963 1005 2040 sui,
1025 1965 1092 2023 tum

161 2055 301 2136 quiajos
323 2055 531 2134 cognoscendi
554 2055 594 2115 de
619 2055 741 2134 legibus
757 2057 895 2118 cohaeret
914 2055 1091 2116 necessario

159 2148 303 2227 potestati
322 2148 470 2228 legiferae‚
489 2166 558 2227 quae
582 2147 698 2209 inutilis
723 2151 822 2226 fieret,
849 2150 874 2209 si
899 2149 989 2211 elteri
1006 2149 1091 2209 inde

159 2241 331 2318 pendenter
346 2241 550 2319 elegislatore
565 2241 728 2302 arbitrium
742 2243 968 2303 concederetur
980 2261 1034 2302 ees
1049 2242 1090 2302 ad

159 2351 284 2394 sensum
298 2352 390 2394 sunm
403 2334 620 2412 detorquendi.
637 2334 731 2414 Atqui
743 2335 883 2396 societati
899 2334 1090 2414 compet'tin

160 2445 232 2488 suos
248 2429 385 2505 potestas
409 2427 529 2486 ferendi
557 2428 657 2505 leges3
680 2445 755 2506 ergo
771 2427 865 2488 etiam
879 2431 1016 2505 potestas
1042 2446 1093 2489 co-

159 2519 331 2595 gnoscendi
343 2521 382 2580 de
392 2520 525 2598 legibue.

199 2637 212 2671 »
239 2613 266 2692 b)
296 2615 505 2675 confirmatur
529 2612 633 2692 quoad
659 2613 790 2673 alteram
812 2615 952 2690 partem,
986 2613 1091 2674 idest

160 2709 337 2784 competere
347 2705 487 2766 societati
501 2705 648 2782 perfectae
655 2703 707 2784 jus
721 2705 929 2784 cognoscendi
943 2706 982 2766 de
993 2705 1092 2767 socio-

159 2815 229 2858 rum
255 2798 438 2873 actionibus,
457 2800 562 2856 utrum
579 2816 653 2868 vero
669 2797 776 2875 legum
790 2798 894 2858 sensui
914 2798 1091 2859 conformes

158 2890 229 2951 sint.
258 2889 332 2969 Ejus
355 2893 401 2950 est
423 2907 612 2968 cognoscere
635 2890 675 2950 de
698 2889 856 2950 actionum
872 2891 1091 2952 conformitate

157 3002 231 3045 vero
243 2985 348 3062 legum
360 2983 475 3059 sensui,
490 2982 578 3062 cujus
594 2987 641 3044 est
652 3001 763 3043 verum
778 2982 884 3060 legum
899 3001 1026 3044 sensum
1038 2983 1091 3044 de-

156 3076 336 3137 terminare.
353 3074 447 3154 Atqui
463 3075 616 3155 ejusmodi
633 3078 771 3152 potestas
786 3075 926 3136 societati
944 3076 1092 3155 perfectae

158 3188 196 3227 ex
215 3169 305 3231 dictis
321 3168 484 3246 competit3
500 3186 575 3246 ergo
588 3167 683 3227 etiam
700 3167 808 3229 altera.

157 3251 160 3261 ’
196 3263 276 3321 Vlll.
300 3284 314 3318 »
340 3261 385 3322 Dc
399 3268 545 3341 potestate
567 3260 705 3320 66661166.
730 3259 908 3340 Propositio.
938 3261 1095 3339 Competit

158 3353 298 3416 societati
311 3355 457 3431 perfecta
469 3357 607 3433 potestas
621 3353 771 3415 coactiva.

197 3469 211 3504 o
237 3444 329 3505 Proh.
345 3445 394 3506 Ad
404 3447 561 3508 societatis
573 3447 669 3506 finem
679 3445 883 3507 obtinendum
899 3449 1019 3508 nonest
1031 3447 1093 3508 suf·
