2512 4012
403 275 443 318 on
465 273 593 319 caruero
613 275 696 321 runis
721 275 876 321 canonici.
1053 265 1106 324 lsl

175 421 238 480 sive
249 435 391 478 summus
399 416 609 496 pontificatus
619 416 683 476 sire
696 415 851 478 inferioris
862 417 980 478 ordinis
993 419 1109 496 episco-

173 509 401 592 patuS‚divinae
417 513 489 569 suut
503 508 717 586 institutionis,
736 511 790 570 scd
807 511 880 571 data
891 511 1107 590 proportione;

173 623 311 683 namque
343 620 483 662 summus
515 601 715 680 pontificatus
745 602 886 664 absolute
917 607 947 666 et
982 605 1108 667 omnino

173 697 288 758 diviuae
311 698 358 755 est
372 694 585 755 institutionis
604 695 674 754 Fuit
690 693 795 754 divino
812 694 884 775 jure
899 697 1109 777 undequaque

173 789 402 852 determinatus
423 805 459 846 eo
477 788 544 865 ipso
561 787 646 866 quod
665 787 841 860 inst'tutus;
863 807 926 848 non
938 793 1044 851 autem
1065 791 1109 852 sic

174 885 213 944 de
229 883 423 960 episcopatu.
443 883 537 955 Nam,
552 879 625 941 licet
638 879 907 941 fundamentalem
921 900 1011 941 suam
1022 881 1111 944 insti-

174 977 329 1038 tutionem
346 976 470 1052 repetat
482 993 519 1032 ex
533 972 604 1052 jura
618 971 735 1048 divine,
754 991 843 1032 suam
863 977 969 1034 tamen
982 993 1110 1036 concre-

174 1073 239 1130 tam
255 1066 551 1128 determinationem
564 1065 675 1143 recipit
690 1084 728 1126 ex
738 1064 810 1144 jure
825 1066 1045 1129 ecclesiastico.

214 1161 278 1244 Sed
293 1163 437 1238 uterque,
451 1158 532 1219 facta
548 1159 609 1218 hac
624 1158 756 1236 simplici
777 1158 954 1220 differentia
972 1161 1109 1241 dataque

175 1252 392 1334 proportione,
410 1255 457 1312 cst
482 1252 599 1330 gradus
626 1250 791 1312 ordinariae
816 1253 1018 1314 auctoritatis.
1036 1257 1109 1316 Haec

176 1345 337 1408 ordinaria
353 1345 533 1421 auctoritas,
548 1344 663 1423 quippe
678 1361 747 1422 quae
763 1347 809 1405 est
820 1343 852 1403 in
865 1346 1108 1424 praesumptione

175 1441 240 1516 sui,
263 1439 324 1499 hoc
347 1437 502 1516 principio
527 1436 669 1516 procedit
686 1456 692 1496 :
710 1436 761 1496 Ea
785 1437 881 1496 omnio
899 1447 1023 1517 possunt
1045 1457 1110 1520 qooe

168 1533 240 1613 jore
257 1529 404 1612 superiori
417 1550 474 1590 oon
485 1529 691 1610 prohibentor.

215 1628 283 1685 Hoc
306 1623 448 1702 superius
464 1622 516 1701 jus
534 1640 591 1700 pro
611 1625 751 1682 Romano
771 1621 921 1682 Pontiflce
943 1622 1044 1682 solum
1063 1627 1110 1684 est

174 1719 226 1799 jus
242 1717 401 1788 divinum;
423 1734 497 1778 nam
512 1715 601 1776 elteri
617 1713 794 1776 auctoritati
809 1713 962 1774 inordina
977 1734 1033 1776 suo
1046 1734 1109 1776 non

176 1809 332 1872 subditur.
355 1811 415 1869 Pro
442 1808 587 1887 episcopo
610 1811 716 1868 autem
740 1825 802 1866 non
823 1810 945 1867 tantum
969 1807 1109 1868 divinum

174 1905 225 1985 jus
248 1906 312 1978 est,
330 1901 386 1961 sed
411 1901 505 1961 etiam
525 1901 577 1980 jus
599 1898 722 1979 quoda
745 1899 897 1978 superiori
922 1899 1108 1962 auctoritate

178 1994 390 2057 ecclesiastica
405 1993 555 2054 dimanat.
572 1996 655 2071 Ergo
669 2012 705 2052 eo
721 2011 819 2072 usque
834 1997 937 2072 potest
951 1995 1110 2054 Romanus
1147 2052 1150 2056 .

177 2087 322 2149 Pontifex
339 2086 377 2146 -in
401 2085 569 2146 universali
593 2085 734 2145 Ecclesia
762 2104 924 2164 quousque
950 2085 995 2145 illi
1020 2087 1109 2146 limes

177 2200 241 2242 non
258 2180 491 2240 demonstretur
508 2177 669 2256 appositus
685 2197 722 2237 ex
732 2177 803 2258 jure
819 2177 940 2251 divino;
959 2197 995 2238 eo
1009 2197 1109 2258 usque

177 2277 282 2353 potest
309 2271 529 2350 episcopusin
553 2289 611 2331 sua
639 2271 765 2330 dioecesi
790 2289 952 2349 quousque
973 2290 1037 2332 non
1059 2271 1110 2332 de·

177 2368 371 2432 monstretur
389 2364 480 2423 limes
500 2362 527 2422 ei
549 2363 709 2441 appositus
727 2363 821 2422 fuisse
836 2363 886 2424 vel
900 2363 971 2442 jure
986 2363 1107 2440 divino,

177 2458 228 2518 rel
239 2458 311 2537 jure
326 2457 464 2517 humano
481 2455 702 2516 ecclesiastico.

217 2555 251 2610 2⁰
267 2553 404 2628 Uterque
420 2549 472 2608 hic
487 2547 682 2609 auctoritatis
700 2547 817 2626 gradus
835 2550 881 2608 ost
895 2548 1011 2626 gradus
1027 2548 1111 2609 ordi-

178 2642 275 2704 nariae
297 2640 541 2720 jurisdictioniS‚
566 2640 597 2699 in
622 2643 774 2720 quantum
798 2641 837 2700 de
858 2639 929 2718 jure
953 2641 1110 2700 communi

179 2736 320 2796 adhaeret
341 2733 442 2794 officio
468 2727 519 2793 vel
544 2733 743 2811 pontificatus
765 2732 893 2792 maximi
914 2733 964 2794 vel
991 2733 1110 2811 episco-

179 2831 270 2908 patus
288 2825 468 2887 dioecesani.
486 2827 661 2904 Eapropter
680 2828 730 2886 vel
750 2826 915 2888 collatione
935 2826 1043 2903 officii,
1061 2827 1111 2887 vel

180 2920 351 2982 cessatione
381 2918 541 2998 ejusdem,
569 2917 744 2996 jurisdictio
774 2919 843 2998 ipsa
861 2921 911 2980 vel
938 2917 1111 2996 acquiritur

179 3015 229 3074 vel
245 3011 407 3073 omittitur.

224 3109 254 3166 3⁰
276 3107 414 3185 Uterque
435 3103 485 3163 hic
506 3102 700 3164 auctoritatis
720 3103 836 3182 gradus
857 3106 908 3164 est·
924 3101 1041 3181 gradus
1060 3121 1111 3163 or-

181 3197 310 3258 dinariae
334 3195 575 3277 jurisdictionis,
599 3196 693 3257 etiam
721 3196 779 3256 sub
807 3199 951 3274 respectu
978 3196 1110 3258 auotori-

180 3291 252 3351 tatis
266 3308 348 3351 verae
364 3294 395 3351 et
408 3289 561 3368 propriae,
578 3289 743 3366 pastoralis
763 3307 891 3367 nempe,
906 3289 1047 3352 rectoriae
1061 3290 1110 3350 vel

181 3383 422 3461 gubernatoriae.
449 3385 529 3442 Nam
560 3382 625 3442 sive
657 3399 796 3441 summus
827 3383 1024 3460 pontificatus
1052 3401 1109 3460 pro

182 3475 328 3536 universa
351 3475 506 3551 Ecclesia,
524 3475 589 3535 sive
613 3474 809 3536 dioecesanus
833 3476 1030 3554 episcopatus
1054 3493 1110 3552 pro
