2512 4012
399 213 438 267 su
459 213 591 268 ansero
608 213 690 260 sunu
713 211 873 267 canonici,
1042 197 1097 266 tat

167 355 286 426 distare
302 357 415 434 possit,
437 357 526 419 adest
551 358 631 420 ratio
654 355 839 420 admittendi
861 355 942 422 hauc
962 353 1101 433 appollo-

167 449 286 512 tionem
301 448 334 510 in
348 467 411 513 uno
424 468 509 527 casu,
523 451 604 513 elcut
614 453 645 512 et
659 468 729 512 eam
740 447 871 510 tollendi
882 447 914 508 iu
929 447 1038 508 altero.

205 541 368 604 Absolutis
379 561 448 622 quae
461 543 501 604 ad
516 543 651 606 vicarios
665 543 811 605 foraneos
825 543 977 621 spectant,
994 539 1101 605 diceu-

167 635 243 698 dum
259 637 308 696 est
319 653 403 696 nunc
420 635 460 696 de
473 636 629 715 parochie.

539 791 566 835 ΙΙ.
582 792 611 832 be
623 789 729 847 parochis.

191 921 332 984 XXXIII.
345 921 516 984 Paternum
524 921 664 1001 episcopi
670 921 819 998 officium,
828 921 913 1000 quod
924 921 1014 984 aliter
1024 919 1098 982 diei-

166 1018 219 1076 tur
234 1032 312 1075 cura
326 1012 515 1093 animarum,
533 1014 674 1076 consistit
687 1015 719 1076 in
732 1013 769 1074 iis
788 1013 974 1093 praestandis
989 1012 1098 1074 officiis

165 1106 199 1172 in
213 1105 325 1168 ordine
334 1105 488 1184 spirituali
496 1126 565 1187 quae
574 1106 979 1187 praestatpater-familiasiu
988 1106 1097 1168 ordIne

167 1199 340 1262 domestico
363 1203 395 1260 st
409 1201 554 1264 naturali.
573 1201 636 1262 Sed
655 1200 793 1262 officium
814 1199 911 1279 patris
926 1199 958 1261 in
978 1199 1097 1261 familia

167 1295 215 1354 est
232 1291 314 1352 filios
331 1308 495 1371 generare,
519 1293 641 1372 genitos
669 1293 764 1370 olere,
793 1311 991 1370 conservare,
1010 1292 1096 1354 insti-

164 1389 266 1462 tuere,
281 1385 457 1446 moderare.
472 1387 554 1466 Ergo
566 1386 607 1447 ad
616 1386 729 1448 slmilia
744 1385 867 1467 objecto
878 1404 946 1448 sese
961 1385 1057 1446 refert
1064 1383 1096 1444 in

166 1478 277 1540 ordine
303 1477 512 1540 ecclesiastico
531 1479 600 1540 haec
623 1497 698 1540 oure
717 1479 908 1556 animarum,
935 1497 1047 1556 nempe
1062 1481 1097 1540 ut

164 1587 223 1650 per
245 1571 402 1649 baptisma
424 1571 504 1633 filios
525 1576 655 1652 generet
670 1573 792 1634 Christo
814 1576 847 1634 et
856 1571 1016 1648 Ecclesiae,
1040 1589 1097 1648 per

165 1667 281 1726 caetera
298 1668 494 1726 sacramenta
513 1665 594 1726 bano
616 1665 713 1728 vitam
737 1664 930 1744 spiritualem
953 1663 1097 1742 perbap-

164 1757 260 1821 tisma
284 1757 420 1820 infusam
444 1763 621 1837 conservet,
650 1763 853 1839 reprimique,
876 1777 914 1818 ao
938 1757 1094 1837 perficiot;
1192 1811 1193 1814 ,

165 1869 224 1928 per
238 1849 333 1912 Verbi
346 1851 400 1912 Dei
413 1851 679 1930 pradicationem,
697 1853 819 1932 prolem
832 1852 914 1912 hanc
925 1849 1016 1912 bonis
1030 1868 1096 1911 mo·

165 1943 254 2004 ribus
287 1943 442 2017 instituet3
478 1962 536 2022 per
562 1948 710 2023 paternas
739 1944 947 2007 correctiones
975 1942 1097 2004 liliosa

163 2036 251 2099 vitiis
267 2041 403 2114 revocet,
428 2037 470 2098 ad
483 2037 615 2099 virtutes
633 2038 796 2112 informct;
816 2044 851 2100 ut
877 2038 926 2098 his
950 2036 1096 2098 omnibus

165 2129 278 2192 mediis
287 2129 357 2190 finis
373 2133 497 2192 aeternae
511 2130 619 2192 salutis
634 2130 666 2190 iu
679 2131 840 2192 individuo
852 2131 1039 2192 obtineatur.

207 2223 311 2295 Ouum
334 2226 439 2284 autem
459 2223 532 2304 jure
555 2223 660 2285 divino
683 2223 837 2302 episcopis
857 2222 1015 2285 constituti
1036 2221 1097 2284 siut

165 2315 342 2394 presbytcri
355 2315 564 2396 coadjutores,
581 2317 613 2376 iu
629 2317 666 2378 iis
681 2317 854 2395 praesertim
868 2335 938 2396 quse
953 2318 1097 2394 spectant

166 2407 207 2468 ad
222 2408 317 2471 Verbi
329 2409 386 2470 Dei
401 2409 657 2487 praedicationem
673 2413 704 2470 et
716 2413 983 2470 sacramentorum
998 2409 1096 2470 admi-

165 2500 395 2578 nistrationem,
412 2501 489 2564 nihil
503 2502 605 2581 magis
620 2501 678 2564 fuit
697 2501 840 2562 naturale
855 2519 950 2580 quam
967 2505 1002 2563 ut
1016 2500 1097 2580 epis-

166 2594 237 2673 copi
251 2593 334 2654 hanc
348 2598 512 2672 paternam
527 2595 759 2656 committerent
777 2593 997 2656 auctoritatem
1011 2611 1096 2672 pres-

165 2687 295 2765 byteris,
304 2687 388 2749 etita
401 2688 542 2766 ipsorum
557 2688 712 2771 adjutorio
722 2689 913 2749 levarentur.
927 2687 989 2749 Sed
1001 2685 1095 2748 variis

166 2779 267 2840 modis
279 2781 340 2840 hoc
363 2781 496 2842 obtinuit
510 2799 567 2860 pro
586 2781 710 2844 diversa
721 2781 867 2844 Ecclesiae
879 2780 1053 2861 discipline.

205 2875 285 2934 Nam
298 2873 406 2952 primis
421 2875 568 2936 Ecclesiae
578 2875 715 2952 saeeuIIS,
733 2895 831 2954 quum
843 2893 907 2936 una
920 2875 953 2935 in
966 2873 1096 2954 singulis

167 2965 357 3028 dioecesibus
381 2971 449 3028 eret
473 2967 556 3028 aedes
580 2985 680 3045 sacra,
707 2968 837 3030 ecclesia
857 2987 969 3047 nempe
993 2967 1096 3028 cathe-

166 3059 274 3136 diets,
295 3059 377 3121 beno
396 3079 492 3120 unam
508 3063 631 3122 tantum
649 3059 787 3123 habebat
808 3060 1018 3140 episcopusin
1033 3079 1096 3140 qua

166 3152 342 3231 agebantur
361 3151 441 3214 sacri
456 3157 639 3231 conventus,
650 3159 682 3214 et
692 3157 888 3232 sacramente
900 3151 1096 3214 adminIstra-

165 3245 291 3306 bantur.
317 3246 431 3310 Omnes
454 3245 486 3306 in
508 3245 632 3308 civitate
652 3263 724 3306 oum
754 3247 899 3326 episcopo
921 3245 1096 3326 presbyteri

165 3335 248 3404 hano
260 3337 437 3402 animarum
452 3357 560 3400 curam
579 3339 781 3416 exercebant,
794 3338 954 3400 ordinario
968 3339 1096 3420 quidem

165 3448 264 3509 acuas
283 3431 447 3506 ecelesiam
461 3431 684 3509 cathedralem,
709 3430 758 3494 oui
778 3435 914 3497 montet
933 3432 993 3513 ipsi
1011 3449 1096 3512 pres-
