2514 4014
371 331 480 382 Locren
502 335 654 380 srscunrs
680 331 762 380 rums
784 332 939 380 canonici.
1082 319 1119 379 u

224 481 294 541 lam
311 497 402 555 vero,
419 477 451 536 in
469 477 540 557 jure
566 480 684 553 nostro,
700 493 864 555 supremus
887 474 1033 554 princeps
1058 493 1121 537 non

186 573 279 633 datur
297 571 359 632 nisi
380 574 482 650 Papa3
504 571 587 630 unde
613 588 709 650 quum
726 570 765 630 de
780 568 937 648 rescriptis
950 568 1118 648 loquimur,

184 665 312 744 papalia
321 664 477 742 rescripta
490 661 702 741 intelligimus,
722 681 777 723 seu
793 681 942 740 responsa
957 681 976 722 a
991 663 1120 724 Summo

185 758 336 819 Pontifice
350 756 474 834 scriptis
489 755 613 817 reddita
628 755 668 815 ad
683 755 815 836 alicujus
827 755 1026 833 relationem,
1048 773 1121 834 pos-

184 851 400 926 tulationem,
414 849 685 928 supplicationem.

225 946 294 1016 Qua
320 943 423 1021 posita
446 942 637 1018 definitione,
649 941 716 1021 jam
737 942 952 1021 unusquisque
976 941 1121 1022 intelligit

149 1085 152 1089 ι
185 1036 355 1098 essentium
376 1035 518 1114 rescripti
535 1053 603 1094 esse
619 1033 787 1095 essentiam
808 1033 971 1115 cujusdam
991 1052 1121 1113 respon-

184 1129 376 1208 sionis,quae
392 1147 503 1207 nempe
514 1131 581 1189 tote
592 1127 724 1188 relativa
734 1131 781 1188 θεῖ
792 1126 945 1206 petitioni,
962 1127 1117 1204 relationi,

185 1221 419 1298 consultationi,
446 1239 515 1301 qua
539 1221 622 1282 lecta
642 1219 753 1292 luerit;
776 1239 831 1280 seu
854 1221 1120 1300 quemadmodum

183 1314 439 1394 interrogationi,
463 1313 594 1374 relativa
611 1315 658 1374 θεῖ
677 1313 854 1392 responsio,
875 1313 919 1374 sic
934 1314 1119 1393 rescriptum

183 1407 340 1489 petitioni,
358 1406 512 1483 relationi,
530 1408 599 1468 etc.'

224 1503 261 1563 ΙΙ.
276 1499 322 1561 Dc
336 1500 544 1579 receptorum
558 1499 666 1578 formu.
679 1533 719 1544 -
730 1499 820 1561 Unde
834 1499 984 1559 resultare
995 1497 1119 1558 videtur

185 1593 410 1672 rescriptorum
435 1593 570 1654 formam
586 1591 711 1652 omnino
733 1592 901 1669 analogum
920 1607 987 1650 esse
1010 1590 1118 1650 formae

184 1682 1120 1767 supplicumlibellorum,quiprlnoipiadresoribendumpro-

185 1782 355 1859 ponuntur.
367 1778 505 1856 Supplex
514 1778 706 1838 autemliber
715 1775 815 1838 tribus
826 1778 948 1837 constat
957 1774 1097 1854 partibus
1110 1795 1116 1834 :

226 1876 256 1933 la
277 1875 368 1950 parte
382 1870 549 1946 sanativa,
574 1869 606 1929 in
621 1887 685 1950 qua
706 1869 837 1948 supplex
850 1868 932 1930 facta
953 1865 1116 1946 proponit3

225 1969 255 2026 2³
276 1967 366 2043 parte
378 1962 591 2044 postulatoriu,
610 1963 642 2021 iu
661 1980 723 2042 qua
742 1961 906 2040 petitiones
927 1979 999 2023 suas
1018 1959 1119 2022 muni-

184 2059 293 2130 lestat;

225 2153 256 2210 3a
277 2151 366 2228 parte
383 2148 547 2228 impulsiva,
565 2148 597 2208 in
612 2165 685 2226 qus,
702 2146 874 2208 rationibus
888 2147 1043 2223 adductiS,
1066 2167 1119 2208 co·

185 2246 280 2303 natur
293 2241 444 2301 inclinare
467 2257 629 2301 assensum
648 2239 797 2318 principis
812 2241 853 2301 ad
867 2232 1114 2301 rescribendum

227 2335 277 2396 Sic
299 2334 337 2393 dc
359 2333 491 2411 supplici
506 2333 622 2410 libello,
639 2333 683 2393 ita
704 2336 734 2394 et
754 2333 793 2393 de
814 2333 983 2411 rescripto,
1002 2332 1035 2393 in
1055 2352 1117 2412 quo

185 2445 298 2505 nempe
322 2427 371 2487 hae
393 2430 457 2488 tres
486 2425 600 2487 adsunt
625 2429 730 2503 partes
752 2426 852 2487 tribus
875 2426 934 2486 illis
963 2427 1115 2505 partibus,

185 2537 264 2599 quas
277 2519 309 2578 in
322 2518 404 2579 dicto
419 2519 524 2580 libello
538 2517 768 2595 adnotavimus
786 2518 1010 2596 respondentes
1028 2540 1034 2580 ε

226 2611 331 2672 Prima
345 2631 429 2690 pars,
448 2629 516 2690 quae
534 2611 701 2672 narrativee
716 2610 928 2690 respondetct
942 2613 1053 2672 eodem
1064 2630 1117 2672 no-

184 2703 269 2764 mine
284 2704 452 2782 significari
463 2706 576 2781 potest,
594 2703 763 2765 summarie
774 2704 940 2767 reassumit
954 2703 1117 2768 historiam

184 2797 290 2858 laclia
303 2796 496 2875 supplicante
511 2797 674 2875 propositi.

226 2889 372 2951 Secunde
402 2907 493 2967 pars,
521 2906 616 2967 quam
645 2888 844 2970 dispositivom
875 2909 1114 2970 nuncupamus,

185 2983 318 3062 quaeque
331 2981 543 3060 postulatoriae
563 2981 711 3059 supplicis
726 2981 821 3042 libelli
839 2984 920 3061 parti
935 2983 1113 3063 respondet,

184 3075 223 3136 de
239 3093 273 3134 re
293 3073 445 3153 disponit,
465 3076 496 3135 et
509 3073 542 3132 in
557 3091 596 3134 ea
614 3073 760 3154 princeps
772 3093 862 3135 suam
881 3075 1116 3155 dispositionem

141 3197 144 3200 ·
184 3167 383 3228 manifestam
399 3165 488 3242 lacit,
507 3184 563 3227 scu
583 3165 720 3228 admittit
743 3169 794 3228 vel
817 3167 917 3247 rejicit
933 3168 1116 3247 petitionem

184 3258 399 3338 supplicantis.

224 3350 329 3413 Te1ti'a
349 3369 438 3430 pars,
461 3369 530 3430 quae
549 3351 723 3430 impulsiva
742 3353 926 3432 respondet,
946 3354 1116 3418 doctu'nolis

185 3450 246 3520 est,
268 3443 301 3504 in
323 3461 423 3523 eaque
445 3443 600 3522 princeps,
624 3443 798 3508 rationibus
816 3446 940 3523 additis,
959 3443 1114 3526 justitiam

185 3555 249 3600 suae
265 3535 473 3615 responsionis
483 3536 686 3598 demonstrat.
