2514 4014
327 299 437 348 romca
459 301 610 347 saucians
631 301 714 347 roms
737 301 891 348 canorum.
988 293 990 300 '
1036 287 1075 348 63

144 443 349 506 vindicarent.
385 443 496 506 Maluit
530 443 722 522 principibus
748 448 899 524 tanquam
923 443 1075 523 delegatis

144 539 197 614 uti,
213 556 312 617 quam
323 537 394 598 illos
406 540 557 616 tanquam
572 538 677 598 hostes
694 537 769 617 pati.

181 633 224 691 De
252 629 402 691 exercitio
427 629 533 708 itaque
560 629 767 708 spiritualium
791 630 1074 709 comprincipibus

143 727 233 802 pacta
248 726 314 795 est;
331 723 370 782 de
383 725 631 799 temperamento
646 723 750 802 aliquo
762 723 904 784 faciendo
916 723 1072 800 convenit,

142 834 203 877 non
214 815 254 874 de
266 815 342 893 ipsis
352 813 477 894 juribus
488 813 668 876 radicaliter
680 816 822 894 sumptis.
837 819 884 877 lta
894 815 1073 896 hujusmodi

141 912 269 986 pactum
284 907 407 985 primus
415 905 503 966 inivit
515 907 657 969 Callistus
668 927 740 986 pap.
752 911 789 986 ll,
800 927 881 970 anno
890 911 977 985 1122,
991 910 1074 987 quod

142 1001 264 1061 celebre
285 1003 415 1078 pactum
438 999 626 1060 callistinum
651 1001 849 1063 Worsmatiae
879 1002 1072 1078 conclusum,

141 1093 327 1170 Bambergae
346 1095 456 1171 postea
471 1093 690 1155 confirmatum
706 1094 774 1171 fuit,
792 1095 921 1156 demum
935 1094 966 1154 in
983 1097 1075 1156 Late-

143 1185 267 1246 ranensi
280 1185 413 1246 coneilio
424 1185 642 1262 approbatum.

179 1281 227 1340 lta
239 1279 385 1338 fecerunt
395 1280 426 1338 et
440 1281 605 1356 sequentes
619 1281 708 1341 Rom.
722 1280 897 1357 Pontifices,
910 1281 1011 1360 magis
1025 1281 1076 1340 vel

76 1363 81 1373 ’
121 1373 248 1431 'minus
268 1369 471 1431 concedendo
489 1371 695 1450 principibus,
714 1371 803 1452 juxta
827 1373 860 1433 id
887 1373 971 1452 qnod
996 1375 1076 1435 tem-

146 1465 231 1543 poris
251 1463 493 1525 circumstantiae
513 1463 672 1543 requirere
691 1465 889 1527 videbantur.
914 1466 1075 1544 Siquidem

144 1575 255 1636 quum,
283 1573 445 1634 nunquam
459 1554 633 1635 interrupta
647 1557 832 1636 gradatione
854 1575 959 1619 aseae.
977 1561 1018 1618 Xl
1035 1559 1075 1618 ad

142 1653 249 1710 nostra
262 1665 362 1728 usque
373 1652 526 1726 tempora,
540 1649 793 1710 adversariorum
806 1648 953 1709 Ecclesiae
969 1649 1076 1710 odium

142 1741 173 1801 in
187 1742 254 1802 dies
269 1741 415 1817 creverit,
432 1741 520 1803 itaet
534 1743 744 1804 mansuetudo
759 1741 918 1818 Ecclesia,
931 1741 980 1802 cui
997 1761 1075 1803 sem-

142 1853 197 1912 per
216 1835 257 1894 ad
277 1833 445 1911 ampliores
462 1835 651 1894 descendere
667 1835 882 1898 concessiones
897 1834 1000 1896 visum
1014 1839 1070 1912 est,

143 1946 181 1986 ne
208 1926 383 1987 maximum
410 1926 482 1986 inde
511 1927 694 1988 aninrarum
720 1928 895 2005 periculum
917 1928 1070 2002 oriretur3

143 2039 224 2080 nunc
244 2019 381 2080 exordiri
396 2019 519 2080 videtur
533 2038 615 2080 nova
631 2021 867 2082 inimicitiarum
881 2021 987 2100 phasis
1003 2039 1073 2102 quae

143 2113 220 2176 torte
234 2112 338 2191 prima
352 2111 488 2174 atrocior
502 2113 653 2174 evadat...

371 2261 398 2304 ll.
414 2264 444 2303 De
454 2264 633 2304 concordaremur
644 2266 727 2305 natura
738 2266 758 2304 et
771 2264 853 2304 valore.

158 2388 249 2450 ‚Vll
273 2383 457 2445 lix-tradita
482 2387 744 2447 concordatorum
763 2385 893 2446 historia
926 2386 1075 2446 nonnulla

144 2478 314 2538 inferemus
329 2477 494 2538 corollaria
514 2496 583 2557 quac
600 2477 773 2539 inservient
789 2478 830 2537 ad
844 2477 968 2539 illorum
984 2481 1075 2540 natu-

144 2590 212 2631 ram
231 2570 455 2644 determinare;
475 2589 537 2650 qua
556 2570 814 2632 determinatione
830 2570 922 2647 facta,
937 2569 1076 2630 breviter

145 2663 328 2725 eorumdem
342 2663 482 2723 valorem
497 2664 720 2742 expendemus

183 2746 216 2818 l⁰
237 2755 358 2817 Natura
384 2755 632 2836 concordatorum.
654 2758 707 2816 μω
724 2758 794 2818 Gor.
819 2755 1000 2818 Concordcto
1019 2776 1076 2816 ooo

145 2858 210 2910 ruat
232 2848 371 2910 obsolute
399 2849 594 2922 necessitatis,
620 2847 671 2909 aad
691 2856 804 2909 tontum
827 2848 1075 2929 hypotheticum

147 2942 288 3004 Ecclesia.
339 2961 340 2964 ¹
536 2944 545 2950 ’

183 3035 327 3098 Vidimus
347 3035 430 3095 enim
451 3053 509 3113 per.
527 3034 588 3096 tria
604 3035 720 3096 secula
739 3035 911 3096 Ecclesiam
932 3034 1074 3096 floruisse

147 3129 202 3190 suh
216 3127 348 3208 paganis
361 3128 612 3207 imperatoribus,
626 3128 700 3209 quin
716 3131 822 3189 tamen
833 3129 931 3188 ullum
946 3146 1076 3190 concor-

148 3221 255 3282 datum
278 3221 431 3300 potuisset
447 3220 629 3299 excogitari,
647 3221 700 3295 diu
715 3220 886 3281 effloruisse
910 3240 1009 3302 usque
1033 3224 1074 3284 ad

147 3331 216 3375 saco.
237 3315 292 3374 XII
319 3314 378 3375 sub
401 3313 532 3393 imperio
558 3313 738 3391 christiano,
757 3313 841 3392 quinv
858 3315 922 3376 ulla
945 3315 1075 3378 daretur

148 3425 257 3468 eornm
270 3406 448 3470 necessitas.

186 3501 272 3560 'lunc
294 3501 396 3562 solum
417 3500 534 3563 hahere
555 3503 719 3577 coeperunt
737 3500 890 3562 rationem
907 3517 971 3562 suae
995 3499 1076 3560 exis-
