2512 4012
353 315 391 364 oe
413 313 541 364 euasero
561 311 645 363 runis
667 313 822 364 curamur.
995 305 1053 367 253

120 481 229 524 veram
248 466 280 524 et
301 461 427 542 proprie
448 462 564 523 dietam
583 461 834 541 jurisdictionem
856 460 1055 540 gubernandi

121 556 315 637 regendique
337 554 510 632 dioecesim,
534 555 594 614 nisi
613 556 645 614 in
664 557 816 634 quantum
830 573 1053 635 unumcorpus

121 650 240 711 morale
262 649 453 710 constituere
478 649 625 710 videntur
643 665 714 708 oum
741 647 881 726 praelato,
912 649 1000 730 eujus
1033 669 1053 712 a

121 743 258 805 oonsiliis
275 741 397 818 sedent,
414 745 531 802 etcum
548 760 609 821 quo
625 742 657 801 in
671 740 962 803 solidumvideutur
976 761 1056 804 rem·

120 837 282 916 publicam
301 834 533 896 administrare.
557 834 619 896 Sed
641 833 846 914 quoadusque
861 835 950 896 sedes
962 837 1057 915 plena

121 934 183 1007 est,
201 947 267 990 non
288 928 450 1007 potiuntur
468 927 592 1008 juribus
612 928 751 1006 eorporis
766 928 982 1006 gubernativi,
1000 930 1055 991 sed

121 1022 306 1102 simpliciter
330 1020 547 1094 consultativi3
563 1024 637 1083 sunt
649 1039 763 1098 nempe
785 1039 899 1100 eorpus
913 1022 1054 1084 oonsilio-

122 1118 240 1181 riorum
255 1115 488 1176 ordinariorum
504 1113 637 1192 pastoris
653 1114 803 1175 eeclesiae.

160 1213 280 1271 Verum
290 1208 463 1269 notandum
477 1212 524 1268 est
537 1208 598 1268 hoo
619 1207 792 1284 eonsilium,
810 1208 871 1269 hoe
884 1212 992 1271 votum
1003 1227 1056 1271 oa-

123 1303 211 1382 pituli
227 1320 297 1362 esse
317 1302 445 1362 maximi
464 1301 617 1363 momenti
630 1301 660 1360 iu
678 1302 888 1362 ecclesiastiea
909 1303 1057 1366 adminis-

123 1396 268 1458 tratione.
292 1396 368 1456 Jnre
390 1395 474 1454 enim
496 1394 654 1455 communi
681 1394 866 1473 prohibetur
890 1395 1055 1474 episeopus

124 1488 292 1569 quominus
321 1488 469 1567 expediat
494 1487 641 1566 graviora
666 1507 730 1548 suae
762 1486 901 1549 eeclesiae
930 1489 1056 1566 negotia

123 1582 188 1643 sine
202 1581 332 1642 oonsilio
349 1584 403 1642 aut
414 1584 488 1642 voto
505 1580 632 1659 capituli
652 1581 700 1642 sui
721 1599 727 1642 :
750 1581 788 1641 de
813 1599 875 1660 quo
890 1581 998 1642 titulus
1011 1579 1057 1641 De

123 1675 167 1736 aa
185 1693 253 1756 quoe
272 1673 350 1754 fluat
362 1672 519 1754 aproeloto
533 1672 594 1733 siae
609 1673 727 1733 coasilio
741 1671 875 1753 capituli,
896 1673 928 1733 in
944 1675 1055 1733 Deore·

123 1769 238 1830 talibus
251 1767 396 1828 habetur.

162 1861 253 1923 Unde
279 1861 314 1920 fit
340 1859 439 1938 quod,
466 1857 539 1920 lieet
565 1859 689 1921 vivente
714 1859 860 1938 episeopo
885 1858 1055 1938 capitulum

124 1973 185 2016 non
211 1953 367 2032 gubernet
397 1951 572 2030 eeclesiam,
598 1951 733 2012 maxime
764 1956 868 2014 tamen
894 1952 995 2012 influit
1022 1952 1054 2012 in

122 2049 204 2110 illius
236 2045 552 2122 administrationem,
578 2047 610 2105 et
642 2045 874 2124 quodammodo
899 2048 1054 2124 temperat

124 2141 301 2203 absolutam
313 2137 453 2217 episcopi
458 2136 720 2217 jurisdictionem.
786 2189 787 2192 ,

163 2229 937 2312 X111.Dejoribaecapitolisedevocante-Majora
949 2234 1055 2294 autem

124 2325 261 2405 capitulo
278 2324 469 2385 conveniunt
480 2323 564 2404 jura,
581 2324 790 2404 gravioraque
801 2324 904 2386 officia
918 2325 992 2385 sedo
1002 2327 1069 2386 va-'
1144 2329 1145 2334 ’

123 2424 231 2493 eante;
243 2435 317 2478 uam
327 2417 385 2478 nisi
392 2416 511 2496 aliquid
519 2416 697 2502 specialiter
704 2417 737 2476 in
744 2415 1056 2496 jureoaveatur,tota

119 2512 299 2594 jurisdictio
321 2510 470 2589 episcopi,
485 2527 542 2570 seu
556 2513 623 2571 tota
634 2508 811 2590 jurisdictio
832 2528 902 2589 qnae
915 2509 1054 2570 adhaere-

122 2608 177 2668 bat
190 2605 258 2667 sedi
274 2604 444 2683 episcopali
462 2621 531 2682 quae
545 2603 675 2664 viduata
690 2605 747 2679 est,
767 2602 800 2662 in
816 2603 987 2680 capitulum
1003 2603 1055 2662 de-

123 2700 272 2776 volvitur,
296 2701 331 2758 ut
357 2697 509 2757 habemus
529 2695 658 2776 injure,
684 2697 764 2757 titul.
792 2695 827 2757 de
841 2695 1010 2776 majoritate
1027 2703 1056 2756 ot

122 2792 287 2854 obedientia
297 2810 308 2850 :
321 2790 406 2870 quod
417 2790 544 2870 quidem
558 2790 643 2850 eard.
663 2789 702 2850 de
714 2792 799 2851 Luoa
810 2791 853 2871 (in
864 2789 973 2851 oonoil.
990 2789 1055 2851 Tri-

123 2885 259 2964 dentin.)
278 2884 348 2965 jure
367 2883 600 2962 quodammodo
617 2901 679 2943 non
699 2883 892 2946 deoreeoenti
910 2884 1056 2961 opinatur

123 2997 264 3043 evenire.
719 3010 721 3014 .

162 3075 242 3136 Cum
258 3071 342 3132 enim
352 3069 534 3149 capitulum,
543 3069 668 3132 vivente
683 3071 830 3150 episcopo
843 3089 899 3132 seu
911 3072 1053 3150 praelato,

119 3167 231 3248 jamin
246 3164 381 3226 solidum
392 3181 464 3223 oum
474 3163 620 3242 episeopo
633 3164 793 3225 eeclesiam
809 3163 1053 3244 administraret,

121 3261 274 3322 defuneto
290 3257 448 3336 episeopo,
473 3258 623 3336 -quasi
646 3261 767 3318 remoto
790 3257 971 3335 obstaculo,
993 3277 1056 3338 quo

122 3355 220 3416 iiebat
235 3369 274 3411 ne
285 3349 460 3432 jurisdictio
479 3353 546 3411 tota
561 3350 695 3429 capitulo
720 3349 897 3428 inhereret,
910 3386 950 3395 —
963 3352 996 3411 in
1019 3369 1056 3414 eo

123 3443 1058 3524 uuiversaoonsolidatur.Undeeapitulnmsedevaoantepo-

123 3540 201 3608 titur
210 3536 561 3620 ordinariaetpastorali
570 3535 710 3621 episcopi
716 3535 945 3622 jurisdictione,
958 3556 1057 3620 eaque

215 3659 278 3704 rou.
295 3661 314 3704 r.
919 3648 951 3706 ta
