2514 4014
194 331 234 396 28
377 383 380 390 i
403 343 633 392 rrsrrrurrorns
653 343 736 391 roms
757 343 912 392 ossorror.

194 507 287 554 suum
301 487 446 549 ultimum
463 486 547 550 unde
565 486 725 566 peccando
747 487 920 563 exciderat,
939 486 1127 548 naturaliter

194 579 395 661 consequitur
409 580 494 660 quod
507 580 626 641 bonum
639 579 699 641 hoc
714 583 879 641 commum
894 579 934 641 ad
949 579 1036 658 quod
1050 579 1125 640 diri-

192 675 277 754 gitur
291 671 502 735 ecclesiastica
512 671 677 752 legislatio,
690 671 730 734 sit
738 671 856 734 bouum
869 671 946 733 illud
957 689 1125 733 commune

194 766 278 848 quod
301 784 358 846 per
386 765 543 828 Christum
567 764 733 826 Dominum
761 763 1004 842 Redemptorem
1032 763 1125 825 nohis

193 857 351 940 competit,
367 857 443 919 etin
458 877 521 940 quc
538 857 679 919 consistit
697 856 838 919 omnium
855 855 1019 918 hominum
1038 857 1124 918 salus

192 955 321 1016 aeterua.

232 1048 329 1107 Porro
353 1042 415 1105 duo
436 1046 509 1105 sunt
527 1042 633 1104 modia
655 1041 833 1106 necessaria
855 1042 896 1104 ad
919 1042 1003 1103 hunc
1026 1043 1124 1103 finem

192 1136 417 1199 obtinendum:

232 1232 263 1291 1⁰
278 1229 370 1290 Fides
385 1228 558 1290 secuudum
571 1229 812 1302 revelationem

231 1325 262 1384 2⁰
277 1320 365 1383 Actio
382 1338 520 1383 consona
533 1321 616 1382 fidei.

231 1413 320 1476 Unde
342 1413 500 1495 objectum
518 1413 624 1493 legum
650 1413 929 1475 ecclesiasticarum
950 1413 1000 1474 vel
1017 1411 1125 1492 dopma

192 1511 240 1570 est
259 1525 321 1588 quo
338 1506 416 1568 fides
429 1505 520 1586 juxta
538 1505 761 1568 revelationem
780 1507 939 1582 doceatur,
960 1505 1012 1567 vel
1035 1505 1125 1566 disci-

186 1600 274 1682 plina
293 1619 350 1680 per
370 1617 467 1681 quam
493 1599 630 1661 actiones
654 1598 895 1660 christianorum
912 1597 1003 1678 juxta
1025 1598 1123 1658 tidem

190 1694 415 1775 gubernentur.
429 1694 625 1772 Quapropter
639 1692 704 1754 sive
719 1691 857 1772 theologi
871 1691 936 1752 sive
951 1691 1122 1752 canonistoe
1228 1755 1245 1772 „

192 1786 300 1848 dieunt
313 1787 420 1864 legum
435 1785 714 1846 ecclesiasticarum
737 1784 895 1864 objectum
915 1801 983 1844 csse
1005 1783 1124 1863 dogma
1244 1803 1245 1852 1

191 1877 242 1938 vel
254 1876 460 1954 disciplinam,
478 1895 612 1958 quorum
624 1876 906 1956 naturam,sspecies
919 1878 950 1938 et
960 1875 1122 1938 distinctas
1244 1873 1245 1928 ἲ

167 2012 170 2016 -
192 1971 282 2030 notas
296 1967 434 2030 breviter
449 1968 725 2030 considerabimus.

231 2062 282 2122 ill.
294 2059 420 2140 Dopmc,
428 2061 453 2122 si
463 2061 549 2123 vocis
561 2065 688 2140 etymon
698 2064 873 2141 spectemus
884 2061 934 2122 vel
944 2060 1121 2123 naturalem

189 2153 276 2216 vocis
288 2153 558 2233 significationem,
573 2157 620 2216 est
633 2154 748 2216 veritas
763 2154 909 2234 quaedam
921 2155 1119 2230 inconcussa,

189 2248 292 2308 firma.
322 2246 487 2326 Applicata
510 2247 579 2308 haec
604 2265 666 2308 vox
689 2246 788 2308 ordini
812 2246 1043 2326 supernaturali
1065 2264 1122 2307 seu

189 2339 291 2401 ordini
313 2339 451 2400 revelato
455 2338 657 2418 ,siguificat
651 2360 657 2374 ·
674 2339 782 2401 ueritas
796 2348 873 2400 certe
883 2339 1121 2413 allece-coelata,

189 2449 259 2512 quae
268 2435 359 2493 cer
322 2431 422 2494 udo
431 2449 550 2512 acquiri
552 2432 766 2494 turmediante
774 2432 1119 2536 magisteriodcclesiae.

192 2524 281 2587 Unde
295 2543 335 2602 po
337 2523 450 2585 testdo
508 2524 870 2586 ererelatumdeiiniri:
892 2523 955 2586 ceri
956 2531 999 2584 tus
1013 2543 1061 2584 cer
1062 2530 1123 2584 tea

190 2614 252 2676 Deo
260 2615 369 2677 revela
357 2623 397 2690 a
404 2623 433 2676 et
439 2543 615 2676 affectante
617 2617 771 2697 proposito
777 2617 960 2699 firmiterque
968 2614 1118 2677 medendo.

231 2711 328 2770 Porro
344 2708 412 2769 haec
425 2707 540 2770 veritas
556 2725 622 2786 esse
637 2712 740 2788 potest
756 2709 806 2770 vel
821 2709 939 2771 ordinis
953 2726 1039 2770 mere
1050 2726 1121 2788 spe-

192 2799 284 2860 culat
263 2799 318 2860 trvi
336 2799 386 2860 vel
406 2799 524 2862 ordinis
543 2781 671 2863 moralis
691 2820 747 2862 seu
768 2801 913 2881 practici3
935 2804 983 2863 est
1002 2800 1121 2862 ordinis

191 2909 277 2952 mere
291 2892 472 2972 speculativi,
489 2893 513 2955 si
529 2894 675 2976 quaedem
689 2895 730 2956 sit
741 2894 857 2956 veritas
872 2912 942 2974 quae
959 2893 1000 2955 ad
1015 2910 1120 2954 mores

192 2983 355 3045 hominum
370 2984 550 3064 dirigendos
566 2985 683 3048 directe
698 3005 761 3048 non
775 2988 939 3064 referatur,
950 3006 980 3049 v.
992 3005 1024 3066 g.
1038 3004 1121 3046 unus

192 3080 239 3138 est
252 3079 345 3154 Deus,
363 3080 435 3152 eto.;
451 3078 569 3140 ordinis
582 3097 657 3141 vero
672 3080 791 3141 morulis
804 3083 836 3142 et
849 3079 988 3160 practici,
1005 3078 1030 3139 si
1045 3095 1121 3139 con-

192 3169 300 3230 stituat
311 3170 498 3249 principium
508 3173 627 3233 morale
638 3173 867 3253 quoddam,seu
878 3172 993 3234 veritas
1003 3169 1122 3252 quaem
1179 3236 1180 3240 ,

192 3279 295 3341 mores
310 3262 473 3324 hominum
487 3264 701 3327 informandos
717 3266 834 3328 directe
849 3265 1013 3340 referatur,
1034 3282 1065 3324 v.
1086 3281 1118 3342 g.

193 3353 345 3415 amandus
360 3359 407 3417 est
420 3358 513 3419 Deus.
531 3358 593 3420 Sed
606 3358 657 3419 vel
670 3358 763 3419 unius
775 3358 815 3420 sit
827 3359 877 3419 vel
892 3357 1020 3420 alterius
1035 3354 1121 3417 ordi·

192 3445 255 3523 nis,
275 3465 388 3526 nempe
408 3449 589 3527 speculativi
611 3454 666 3512 aut
683 3451 826 3528 moralis,
847 3467 1010 3530 nunquam
1026 3465 1119 3509 suum
1241 3489 1242 3500 η

192 3537 323 3601 limitem
337 3540 469 3618 excedit,
486 3559 598 3620 nempe
611 3543 695 3624 quod
707 3542 747 3604 sit
757 3542 873 3605 veritus
887 3540 1055 3604 credenda.
