2546 4016
170 239 230 304 ltt
361 255 611 306 =msururrcues
632 257 715 304 rcus
736 257 891 304 caucum.

212 399 308 483 Atqui
322 399 438 462 scimus
452 400 612 462 multoties
626 400 800 463 Ecclesiam
812 399 898 480 leges
921 417 959 460 ex
970 417 1101 462 romano

169 496 240 577 jure
260 492 417 555 derivatas
433 493 465 553 in
481 493 622 555 codicem
644 511 737 556 suum
756 492 971 567 transtulisse;
988 494 1105 556 scimus

172 607 235 650 non
254 586 478 648 contradixisse
502 605 641 666 unquam
658 586 722 667 juri
737 585 830 663 civili,
851 585 915 646 imo
937 585 1016 647 illud
1030 605 1105 666 prc-

172 682 263 743 basse
288 679 412 760 quando
433 679 619 759 legislationi
640 697 704 741 suae
720 697 784 740 non
801 679 884 740 esset
897 680 1099 742 contrarium.

212 775 295 852 Ergo
310 775 346 833 ut
366 772 504 832 mediam
529 790 698 852 sequamur
721 771 907 833 seutentiam
927 771 1099 847 inhaere,

174 870 264 928 caute
275 864 466 944 distinguere
480 865 629 926 debemus
639 869 703 927 tres
713 864 937 943 classeslegum
947 864 1101 926 civilium:
1186 883 1191 891 ·

175 961 205 1020 l⁰
231 958 300 1020 aliae
324 957 480 1037 siquidem
505 957 631 1019 fuerunt
657 975 727 1037 quae
753 957 803 1018 vel
828 959 978 1036 tanquam
1001 957 1105 1018 minus

174 1051 340 1132 religiosae,
358 1052 506 1111 correcta
521 1049 643 1110 suntab
658 1049 807 1126 Ecclesia,
820 1053 1034 1129 auttanquam
1046 1049 1109 1110 im-

175 1145 247 1224 pia,
262 1142 388 1205 omnino
399 1141 576 1220 reprobatae
586 1142 729 1216 fuerunt3
742 1147 773 1204 2⁰
784 1141 852 1202 aliae
865 1160 935 1221 quae
948 1143 987 1202 ab
1002 1143 1108 1206 Eecle
1194 1209 1198 1212 ,

174 1235 222 1298 sia
247 1235 379 1314 positive
403 1234 529 1296 fuerunt
560 1237 694 1314 recepta
717 1239 750 1296 et
767 1234 967 1314 approbetae3
991 1238 1022 1296 3·
1036 1235 1107 1296 aliae

176 1328 396 1410 demumffquae
418 1345 475 1388 nec
496 1331 630 1406 receptae
645 1345 702 1389 noc
722 1327 847 1408 rejectae
864 1330 947 1404 sunt,
965 1329 1019 1388 sed
1044 1328 1104 1389 sub

176 1421 297 1482 silentio
312 1420 439 1483 habita.

216 1516 254 1576 X.
271 1513 326 1574 llis
340 1513 459 1592 positia,
477 1531 516 1574 cn
535 1514 659 1592 regulas
682 1512 721 1572 ad
743 1531 834 1574 usum
850 1512 930 1593 juris
954 1512 1052 1574 civilis
1073 1513 1107 1574 in

177 1606 434 1686 interpretatione
454 1605 625 1668 cononica:

218 1702 247 1760 l·
260 1698 335 1778 liep.
349 1699 475 1759 Nullum
488 1698 520 1758 in
535 1699 688 1761 cononica
697 1697 947 1778 jurisprudentia
961 1699 1108 1777 suppedi-

177 1794 245 1853 tant
268 1795 488 1870 argumentum
516 1792 601 1870 leges
623 1791 728 1852 civiles
746 1810 816 1871 quae
829 1791 869 1852 ab
884 1790 1022 1853 Ecclesia
1036 1809 1107 1852 cor-

177 1886 270 1945 rectae
282 1883 332 1944 vel
347 1883 522 1960 reprobatae
537 1887 619 1944 sunt.

216 1975 306 2037 Ratio
318 1978 366 2036 est
378 1975 452 2054 quia
465 1975 550 2036 nulla
559 1979 661 2054 potest
671 1995 738 2038 esse
749 1976 924 2040 concordia
935 1995 1107 2056 praesump-

175 2067 219 2131 tio
234 2067 288 2129 ubi
303 2067 430 2127 evidens
445 2071 596 2146 appareat
609 2067 774 2130 discordia.

215 2165 246 2222 2·
259 2159 333 2239 Beg.
353 2163 522 2222 Possumus
547 2166 766 2240 argumentum
784 2166 890 2240 petere
905 2181 943 2222 ex
955 2161 1014 2223 illis
1028 2163 1106 2242 legi-

175 2254 235 2314 bus
252 2252 393 2313 civilibus
418 2271 487 2333 quae
507 2253 625 2334 injure
645 2255 853 2316 ecclesiastico
872 2258 1005 2334 recepta
1020 2258 1102 2332 sunt,

176 2341 242 2406 ncn‘
252 2361 341 2406 secus
356 2363 394 2406 ac
401 2363 439 2406 ex
447 2345 569 2426 legibus
582 2347 798 2410 ecclesiasticis
813 2347 899 2427 ipsis.

216 2438 306 2501 Ratio
322 2442 369 2500 est
385 2439 460 2518 quia
473 2439 531 2501 has
545 2441 631 2520 leges
638 2441 777 2502 Ecclesia
791 2440 933 2521 proprias
947 2440 1005 2502 sibi
1019 2440 1103 2517 fecit,

177 2532 303 2612 quando
317 2531 392 2612 ipsis
407 2550 497 2593 suam
511 2533 729 2596 auctoritatem
743 2533 901 2613 impertita
913 2537 968 2596 est.

215 2627 245 2686 3·
259 2624 334 2704 Bep.
351 2626 397 2685 Ex
420 2625 540 2687 caeteris
560 2626 681 2705 legibus
697 2626 839 2688 civilibus
857 2643 920 2688 non
939 2645 1106 2705 possumus

176 2719 479 2796 argumentapetere
490 2717 550 2778 nisi
564 2718 614 2778 vel
636 2718 676 2779 ob
693 2719 872 2798 generalem
890 2719 1105 2799 praesumptio-

175 2825 248 2870 nem
268 2808 446 2870 concordiae
468 2809 551 2871 inter
574 2828 671 2870 unum
691 2815 722 2872 et
741 2811 875 2873 alterum
898 2811 961 2891 jus,
990 2812 1040 2873 vel
1064 2813 1105 2874 ob

175 2901 357 2981 generalem
377 2901 638 2981 approbationem
655 2921 751 2982 quam
769 2903 903 2966 obtinuit
924 2903 1105 2966 universum

171 2993 225 3074 jus
242 2992 332 3056 civile
346 3013 367 3054 a
379 2995 410 3056 S.
425 2996 460 3055 P.
475 2994 570 3056 Lucio
585 2996 625 3056 lll
640 2995 721 3076 (cap.
739 2999 767 3073 l,
789 2995 834 3057 De
848 2997 918 3058 ccci
928 3017 976 3078 cp.
992 2997 1104 3078 aaut),

175 3103 267 3167 aquo
281 3085 406 3148 videtur
415 3086 596 3148 universum
610 3086 700 3150 civile
707 3088 760 3170 jus
774 3089 868 3150 fuisse
883 3091 1102 3172 approbatum,
1216 3111 1218 3115 ·
1262 3085 1263 3102 ¹

174 3178 370 3330 {utquantum
382 3179 528 3242 Ecclesiae
544 3197 679 3242 canones
699 3181 867 3262 coadjuvat
881 3186 912 3244 et
931 3182 1105 3244 adminicu-

187 3285 205 3331 e
219 3287 267 3331 ur.

214 3359 332 3424 Verum
344 3381 415 3424 cum
430 3383 504 3426 usus
519 3365 633 3427 harum
644 3366 751 3448 legum
761 3367 910 3430 fundetur
920 3387 1015 3449 super
1025 3387 1105 3448 pra·

175 3452 385 3534 sumptionem
399 3455 449 3516 vel
462 3457 638 3520 concordia
653 3460 703 3519 vel
718 3460 967 3540 approbationis,
982 3461 1055 3522 inde
1069 3462 1105 3523 lit
