2484 4016
350 307 389 355 nn
410 307 539 357 1111111
558 308 642 356 rums
664 309 818 358 aaronica
990 295 1049 357 311

116 457 217 528 Quare
240 451 273 514 in
297 452 428 516 concilio
456 453 623 516 Viennensi
650 453 701 516 hic
723 453 800 517 ordo
820 451 963 516 militaris
981 453 1050 517 Cle-

21 573 22 578 *
114 547 228 609 mentis
243 547 270 607 V
285 546 471 608 auctoritate
484 547 619 610 abolitus
630 549 687 610 est.

21 663 22 671 ¹
153 642 221 702 XV.
245 639 440 718 'templarios
454 640 554 701 secuti
567 643 640 702 sunt
661 640 771 722 equites
791 639 959 713 Teutonici,
973 658 1049 721 quo·

114 752 186 796 rum
200 731 354 794 institutio
369 732 494 794 ridetur
505 732 671 794 referenda
685 732 725 795 ad
740 735 827 810 1190,
841 732 874 794 11
888 732 1050 794 obsidione

114 823 329 888 ptolemaidis.
347 826 427 886 Cum
438 825 578 886 nonnulli
588 825 631 904 pii
645 825 789 888 Germani
804 843 934 906 operam
946 825 1049 905 singu·

114 920 216 980 larem
229 917 390 979 dedissent
399 918 432 977 in
444 916 633 997 adjuvandis
644 918 794 980 militibus
804 917 929 997 aegrotis
941 917 1050 979 11111-

115 1011 252 1087 neratis,
271 1028 322 1070 res
342 1010 410 1072 haec
429 1010 509 1071 adeo
524 1011 642 1090 placuit
660 1010 853 1090 principibus
873 1009 1048 1072 Germaniae

116 1104 169 1184 qui
188 1107 265 1165 tunc
286 1105 458 1181 presentes
477 1103 623 1181 aderant,
640 1109 689 1181 ut,
712 1103 874 1166 occasione
889 1106 1046 1181 susceptu,

115 1195 261 1258 ordinem
291 1195 483 1276 peculiarem
513 1195 631 1257 institui
660 1196 889 1258 desiderarunt.
916 1196 976 1269 Qui
1004 1195 1049 1257 sic

114 1288 288 1365 institutus,
296 1287 355 1350 fuit
364 1306 447 1349 anno
458 1291 531 1350 1191
545 1289 730 1350 auctoritate
745 1288 900 1351 Gaelestini
909 1290 959 1349 llli
974 1306 1050 1364 con-

13 1457 15 1474 ,
81 1425 86 1436 ,
115 1383 270 1442 firmatus.
293 1381 333 1442 ut
350 1398 424 1441 cum
439 1379 620 1460 hujusmodi
640 1381 778 1461 equites,
800 1381 964 1461 progenie
988 1397 1050 1442 11-

13 1479 14 1514 l
112 1477 254 1536 terarum
282 1472 510 1535 institutionum
536 1471 734 1551 militarium,
766 1477 798 1535 et
828 1473 887 1552 ipsi
916 1472 1047 1552 professi

114 1566 232 1628 luerint
249 1565 393 1627 militiam
421 1584 478 1644 pro
505 1568 598 1628 terrae
623 1570 740 1628 sanotae
760 1570 791 1628 et
815 1565 974 1646 religionis
993 1566 1049 1627 de·

114 1658 374 1737 tensione,-inde
400 1662 448 1720 est
466 1659 551 1738 quod
569 1662 720 1739 tanquam
734 1659 877 1721 militaris
898 1659 974 1720 ordo
994 1658 1048 1720 ha·

114 1751 199 1814 bitus
218 1755 275 1813 est.
298 1752 358 1824 Qui
379 1769 535 1812 summam
548 1751 606 1812 sibi
618 1752 746 1813 laudem
760 1751 964 1831 comparavit,
981 1755 1013 1814 et
1030 1769 1048 1812 e

114 1843 284 1907 Palaestina
312 1843 365 1906 ubi
382 1851 485 1906 ortum
509 1843 635 1922 habuit,
658 1845 689 1906 iu
712 1845 789 1906 alias
811 1845 957 1924 regiones
979 1863 1047 1906 sese

115 1937 250 1999 diffudit.

155 2029 220 2092 Sed
246 2048 329 2107 cum,
356 2030 481 2091 favente
503 2029 671 2091 schismate
693 2028 878 2107 lutherum,
901 2029 1048 2092 hibertus

113 2122 418 2202 madeburgensis
435 2140 507 2182 cum
518 2121 660 2201 pluribus
670 2121 813 2202 ejusdem
824 2121 943 2183 ordinis
961 2123 1050 2203 equi-

113 2213 209 2293 tibus,
226 2214 321 2298 iidem
335 2214 522 2277 catholicam
537 2213 754 2296 abjurarisset,
772 2214 845 2277 hinc
857 2219 904 2278 est
916 2214 1001 2296 quod
1016 2219 1049 2290 et

113 2307 179 2388 ipse
195 2308 273 2370 ordo
289 2308 416 2370 corruit.

151 2403 234 2464 xvi.
260 2400 382 2462 Ordines
396 2399 633 2482 Redemptoram.
651 2399 741 2473 Quod
757 2400 883 2461 ordines
897 2400 1048 2464 militares

113 2494 210 2557 armis
224 2494 467 2572 contendebant,
486 2494 537 2555 alii
550 2493 676 2556 ordines
687 2492 840 2554 curabant
854 2493 923 2554 aliis
936 2493 1048 2556 mediis

112 2605 296 2668 procurare.
310 2587 362 2650 Sic
375 2590 406 2649 11
418 2587 544 2648 ordines
556 2585 775 2666 Redemptionrs
788 2585 980 2666 captivatam,
995 2587 1048 2666 qui

11 2713 12 2754 5
112 2684 148 2743 ut
162 2680 325 2742 christiani
335 2680 388 2761 qui
403 2679 462 2740 sub
477 2679 652 2740 infidelium
661 2678 842 2758 captivitate
857 2678 1045 2757 ceciderant,

112 2773 286 2835 christiana
300 2773 429 2835 caritate
444 2772 690 2849 redimerentur,
708 2775 739 2833 et
752 2771 796 2833 sie
811 2771 953 2852 exemplo
968 2772 1049 2834 cari·

110 2865 185 2929 tetis
200 2865 378 2928 christiane
394 2867 503 2927 Turcae
517 2869 795 2942 mansuescerent,
813 2863 945 2927 instituti
961 2869 1044 2927 sunt.

112 2960 181 3021 Duo
207 2959 335 3022 fuerunt
358 2957 508 3039 praecipui
530 2957 564 3017 hi
586 2955 712 3018 ordines
734 2958 836 3020 :ordo
860 2958 1049 3021 sanctissime

114 3051 273 3113 Trinitatis
287 3056 318 3114 et
333 3052 410 3114 ordo
425 3058 535 3113 sooctoe
548 3049 657 3111 Murice
666 3049 701 3111 de
715 3049 857 3114 Mercede.

154 3143 278 3206 Primus
293 3145 352 3207 luit
366 3144 525 3206 institutus
545 3162 564 3204 a
580 3137 695 3205 sanctis
708 3145 829 3206 111111
844 3146 1003 3209 deblatha
1017 3151 1048 3210 11

104 3223 217 3299 ‘Felice
235 3238 380 3314 valesio,
400 3237 491 3317 gallis
510 3236 708 3298 anachoretis
724 3237 840 3318 (1198),
858 3242 890 3300 11
902 3240 942 3301 ab
954 3241 1047 3302 luno·

112 3331 216 3392 centio
230 3331 284 3394 ΙΙΙο
298 3331 397 3412 (1109)
411 3331 624 3394 confirmatus.
643 3330 763 3393 Dicitur
777 3331 845 3394 haeo
864 3331 983 3394 familia
995 3353 1046 3395 re·

114 3421 233 3502 gularis
254 3421 461 3504 cervifrigidi,
474 3441 492 3486 a
505 3423 574 3485 loco
589 3422 643 3484 ubi
658 3423 795 3504 primum
809 3424 920 3488 habuit
942 3443 1046 3488 oceno-

114 3513 212 3578 bium.
239 3515 355 3578 Habuit
378 3516 548 3597 quamdam
575 3516 742 3596 specialem
768 3518 1045 3598 congregationem
