2484 4016
158 331 217 398 aaa
366 340 595 394 martranensis
616 337 699 391 runis
721 342 875 391 cruorum.

157 489 323 573 siquidem,
346 492 382 552 ut
395 488 506 551 melius
523 507 559 551 ao
580 488 702 551 facilius
719 489 877 568 simplices
892 487 1090 568 deciperent,

157 586 376 666 paupertatem
401 582 672 664 humilitatemque
705 587 736 644 et
761 583 820 662 ipsi
856 583 1002 644 simulare
1027 582 1093 644 visi

157 681 241 755 suni,
257 680 293 738 ut
310 676 349 737 de
370 676 590 754 Valdensibus,
607 676 647 737 de
658 676 862 754 FratricelliS,
877 677 916 738 de
930 675 1090 752 (bathenia,

157 771 259 850 deque
272 768 420 849 Beguinis
432 787 488 830 seu
498 768 672 848 Beguardis
687 771 926 848 comprohatum
941 772 997 830 est.

89 905 93 912 -
197 865 238 926 Ut
256 877 331 942 ergo
353 861 512 942 hypocrisi
527 862 733 924 sectariorum
748 865 958 942 opponeretur
982 881 1092 923 exem-

155 955 536 1036 plumveraepaupertatis
546 973 692 1036 veraeque
701 956 884 1018 humilitatis
895 955 1089 1034 christianae,

156 1049 313 1110 excitabat
332 1049 416 1109 Deus
437 1047 579 1109 instituta
594 1049 780 1111 omnimoda
793 1048 997 1128 paupertatis
1015 1065 1092 1128 quae

157 1144 420 1220 contraponerent
432 1140 558 1202 illarum
576 1141 727 1204 virtutum
746 1143 923 1221 exemplum
945 1141 1038 1202 fastui
1055 1145 1091 1204 et

155 1233 311 1315 superbia
334 1233 484 1312 singulari
509 1234 590 1296 illius
610 1236 720 1298 aetatis.
748 1239 882 1297 Demum
908 1234 1090 1296 christianae

155 1327 293 1391 cantatis
307 1326 449 1410 activitas
472 1345 528 1388 seu
550 1327 630 1390 actio
650 1347 744 1409 quam
765 1328 891 1390 ordines
905 1328 1087 1408 regulares,

154 1419 311 1501 perillam
326 1422 450 1481 aetatem
465 1420 596 1498 professi
614 1424 701 1498 sunt,
716 1422 862 1482 omnibus
879 1421 993 1482 horum
1006 1423 1092 1482 tem-

154 1531 268 1594 porum
282 1512 519 1575 necessitatibus
534 1517 564 1575 et
580 1515 782 1577 occurrentiis
795 1515 953 1577 satisfecit.
1035 1579 1037 1582 .

194 1611 226 1669 2⁰
248 1605 299 1668 Sio
318 1625 375 1686 per
388 1609 542 1668 armatam
558 1607 701 1669 militiam
715 1608 864 1692 ordinum
879 1608 1085 1689 equestrium,

155 1699 266 1780 spiritu
279 1697 427 1761 bellicoso
441 1698 582 1760 virorum
595 1701 696 1762 aetatis
708 1701 792 1763 illius
807 1702 859 1782 qui
875 1702 1014 1783 quotidie
1025 1702 1087 1762 fra·

154 1796 244 1856 terna
266 1792 351 1854 cade
373 1810 463 1853 arma
490 1793 719 1872 cruentabant,
749 1795 898 1856 utebatur
920 1794 953 1855 in
978 1793 1087 1856 hostes

156 1903 348 1962 communae,
366 1887 539 1947 Saracenos
554 1904 667 1968 nempe
689 1907 745 1949 seu
765 1891 894 1965 TurcaS,
914 1888 969 1969 qui
983 1887 1087 1949 ordini

154 1978 300 2059 religioso
314 1977 364 2039 vel
379 1977 505 2058 politico
525 1980 621 2040 totius
641 1983 775 2061 Europae
795 1981 1009 2042 imminebant.
1034 1980 1089 2043 Sic

154 2072 229 2134 dum
248 2069 410 2132 servandae
438 2071 559 2133 caritati
579 2073 662 2134 inter
685 2073 869 2136 christianos
891 2077 922 2134 ct
941 2073 1088 2135 concives

154 2163 386 2242 consulebatur,
395 2181 578 2226 communes
591 2165 696 2230 hostes
708 2167 974 2248 propellebantur.
986 2167 1087 2234 Simul

153 2275 210 2337 per
234 2256 301 2318 haec
322 2256 465 2319 instituta
489 2257 653 2338 militaria,
675 2259 845 2322 christiana
862 2259 1037 2322 humilitate
1053 2266 1088 2322 et

153 2349 393 2412 mansuetudine
420 2351 564 2430 equitum
587 2352 638 2414 alii
661 2353 901 2428 imbuebantur3
929 2353 1087 2434 siquidem

153 2461 217 2506 non
244 2461 379 2524 parvum
403 2448 472 2507 erat
494 2444 678 2508 humilitatis
704 2447 883 2526 exemplar,
910 2447 1087 2526 praesertim

153 2542 245 2601 aetate
259 2537 324 2616 illa,
340 2537 447 2600 videre
461 2538 580 2619 equites
593 2539 645 2619 qui
660 2540 776 2601 fastum
791 2544 822 2602 et
836 2540 1015 2621 superbiam
1029 2539 1087 2601 de-

152 2633 306 2710 ponerent
325 2634 375 2708 ut,
392 2631 425 2692 in
444 2631 651 2711 hospitalibus
665 2633 827 2710 domibus,
844 2632 1035 2712 pauperibus
1055 2637 1088 2696 et

152 2723 295 2802 infirmis,
313 2724 448 2786 inimicis
463 2725 558 2788 etiam
574 2725 638 2788 suis
653 2726 822 2806 aliquando
838 2725 1041 2788 deservirent.

191 2819 223 2878 3ο
245 2817 334 2890 Quod
354 2819 448 2879 armis
469 2818 701 2881 contendebant
720 2819 845 2880 ordines
861 2819 1031 2896 militares,
1053 2815 1086 2881 id

152 2911 288 2972 inermes
301 2911 532 2973 contendebant
545 2911 671 2974 ordines
686 2903 914 2992 Redemptoris'.
931 2915 997 2974 Imo
1016 2909 1086 2974 illo-

152 3021 223 3064 rum
244 3002 470 3081 ministerium,
487 3023 550 3066 non
568 3009 690 3068 tantum
706 3023 762 3086 pro
786 3006 1028 3068 christianorum
1050 3001 1085 3066 li-

151 3096 283 3174 bertate,
295 3095 351 3157 sed
360 3096 455 3158 etiam
465 3115 521 3176 pro
532 3097 704 3159 infidelium
713 3099 916 3164 conversione
931 3099 1085 3167 directum

151 3188 286 3266 videtur,
309 3206 407 3269 quum
432 3189 559 3270 quidem
580 3193 689 3254 'luroae
717 3193 812 3254 etiam
835 3196 922 3254 tanto
935 3191 1085 3273 ,caritatis

153 3281 295 3360 exemplo
315 3282 483 3362 aliquando
499 3290 762 3349 mansuescerent.
789 3289 922 3347 Demum
948 3289 978 3347 et
1003 3283 1085 3346 actio

152 3373 298 3435 ordinum
321 3375 567 3438 mendicantium
588 3377 772 3441 clericorum
794 3379 927 3441 defectui
947 3397 1011 3440 non
1028 3395 1086 3458 pa-

152 3482 224 3525 rum
250 3466 416 3544 supplevit,
437 3472 469 3530 et
489 3470 684 3550 profligando
706 3473 853 3549 haereses,
879 3471 982 3552 prouti
1003 3489 1084 3552 prae-

152 3554 260 3620 sertim
274 3556 385 3619 batres
404 3560 636 3639 praedicatores,
657 3567 689 3625 et
707 3563 953 3627 administrando
977 3583 1083 3628 sacra·
