2484 4016
104 271 115 294 ’
188 309 248 372 2¹18
328 289 335 306 ⁸
396 319 626 370 rssnrurronss
646 321 729 370 runis
751 321 906 370 susurru.

190 467 275 546 ralis
290 467 400 529 saltem
421 467 579 528 sufficiens
601 471 631 529 et
657 467 773 546 debita,
788 471 824 530 ut
843 467 947 530 officia
961 465 1008 527 sui
1021 468 1123 529 status

190 560 375 641 adimpleat;
391 561 423 622 2⁰
436 559 570 640 speciale
583 561 731 624 orationis
741 561 891 639 studium,
908 559 1054 639 specialis
1062 559 1123 621 ire-
1221 639 1222 642 Ἴ

190 653 319 734 quentia
332 671 495 716 sacrorum
511 653 748 732 mysteriorum
765 657 797 716 3⁰
814 653 950 716 exterior
963 653 1067 715 cultus
1082 653 1124 715 ad

189 746 376 808 modestiam
389 748 590 826 compositus,
607 751 643 810 ut
656 747 776 825 habitu,
788 751 889 827 gestu,
906 747 1042 824 incessu,
1057 765 1124 808 ser-

188 857 283 902 mone
297 839 417 901 eunctis
429 841 540 901 afferre
552 839 673 918 possint
687 840 931 902 venerationem.

228 931 376 1013 Neqctioa
390 936 496 994 autem
510 936 602 994 suut:
619 935 654 994 ut
666 951 735 994 sese
749 933 927 995 abstineant
941 933 981 994 ab
1000 933 1040 994 iis
1055 948 1123 995 om-

189 1024 282 1088 uibus
296 1026 380 1086 unde
396 1025 463 1088 baec
483 1023 641 1088 veneratio
657 1025 751 1088 statui
768 1025 903 1088 clericuli
923 1025 1030 1088 debita
1041 1026 1123 1105 peri-

190 1119 294 1182 culum
304 1117 431 1198 aliquod
441 1119 546 1180 subire
555 1119 670 1197 valeat,
683 1119 788 1199 qualia
796 1123 884 1182 sunt:
894 1117 1122 1181 t⁰cohabitatio

188 1212 238 1274 vel
253 1212 448 1274 consuetude
467 1227 541 1274 cum
560 1212 744 1276 mulieribus
758 1213 842 1274 unde
866 1213 972 1294 aliqua
995 1213 1124 1274 sinistra

187 1303 322 1384 suspicio
336 1305 504 1385 provenire
519 1305 617 1384 possit
629 1327 636 1380 ;
660 1310 694 1367 2⁰
709 1306 907 1386 negotiorum
921 1305 1122 1368 saeculariam

187 1398 300 1478 gestio,
317 1398 502 1479 negotiatio;
523 1401 555 1460 3⁹
567 1399 644 1478 ludi,
661 1399 854 1476 venafioues,
873 1399 1015 1476 ohoreae,
1032 1415 1123 1478 spec·

188 1493 302 1570 taenia,
316 1495 400 1554 artes
412 1491 499 1566 viles,
513 1494 544 1553 et
558 1495 673 1554 caetera
682 1491 862 1574 hujusmodi
873 1507 944 1574 qua
956 1493 1074 1572 partim
1089 1491 1121 1552 in

187 1585 285 1647 sacris
300 1585 608 1648 canonibusdellnita
621 1589 704 1664 suut,
721 1585 839 1666 partim·
848 1597 886 1647 er
900 1585 1056 1666 principio
1069 1585 1121 1646 illo

188 1679 329 1759 generali
342 1679 427 1759 quod
442 1679 618 1757 statuimus,
635 1679 717 1741 facili
733 1679 864 1741 veniunt
877 1679 1080 1741 deductione.

226 1775 261 1832 2⁰
282 1772 424 1834 Alterum
438 1772 585 1852 gererale
596 1771 797 1833 corollarium
808 1771 868 1834 hoc
883 1775 949 1834 est:
964 1771 1120 1852 quidquid

190 1865 332 1928 absolute
358 1877 419 1927 non
456 1865 626 1946 requiritur
651 1869 686 1926 ut
707 1865 776 1927 vita
796 1865 947 1927 clericulis
973 1865 1121 1926 omnibus

190 1959 300 2020 afferat
320 1959 565 2036 venerationem,
586 1959 642 2020 sed
656 1958 757 2039 magis
771 1959 822 2020 uel
841 1958 945 2020 minus
968 1959 1043 2020 huic
1067 1957 1122 2019 dui

190 2051 390 2132 respondeat,
405 2051 525 2114 alaricis
539 2067 602 2114 neu
616 2051 808 2133 praecipitur,
820 2053 876 2114 sed
890 2051 924 2113 in'
936 2051 989 2114 via
1000 2051 1121 2115 consilii

189 2145 239 2208 vel
253 2145 404 2208 suadetur
413 2146 463 2208 vel
478 2145 687 2209 dissuadetur.

476 2321 644 2368 sermones
660 2321 829 2372 snflusswSe

187 2463 233 2530 De
245 2465 355 2550 officiis
368 2473 461 2528 stoico
477 2465 620 2529 clericales
626 2467 761 2548 proprias
775 2467 947 2530 clericorum
960 2464 1119 2548 majorum.

228 2624 296 2690 Huc
310 2629 382 2689 sunt
397 2635 466 2707 quta
485 2625 606 2688 clericis
625 2626 811 2690 incumbunt
832 2621 955 2690 officie:
982 2621 1121 2690 officium

189 2717 330 2782 divinum
355 2723 387 2781 et
410 2719 591 2794 caelibatu's3
616 2735 751 2802 quorum
767 2723 911 2801 uterque,
936 2719 1001 2783 sive
1026 2737 1122 2802 nega·
1206 2729 1210 2737 ’

188 2813 263 2890 uve,
288 2824 344 2872 seu
363 2811 573 2875 abstrahendo
600 2813 729 2876 clericos
747 2814 884 2895 majores
900 2823 920 2876 u
935 2814 1040 2876 cernis
1054 2809 1122 2874 ille-

189 2903 310 2982 cebris,
336 2904 401 2965 sive
425 2905 577 2984 positive,
605 2907 675 2969 illos
708 2907 942 2970 sublimioribus
967 2907 1121 2970 novandis

158 3015 160 3020 “
188 2997 345 3080 mysteriis
357 2997 488 3059 idoneos
502 2997 650 3062 efficiunt.

215 3147 226 3202 s
243 3148 260 3189 Ι.
277 3157 309 3190 Μ
328 3155 428 3190 (mmm
444 3153 601 3190 ΜΙΙΦΙΠΙ
618 3157 737 3190 mont!
751 3156 832 3199 Quodn
847 3155 955 3190 ΒΠΙΙῦΙ
966 3157 1095 3191 omem.

226 3254 278 3316 lll.
303 3253 448 3316 Officium
468 3252 611 3316 divinum
634 3256 685 3315 est
702 3253 879 3315 communis
900 3255 932 3316 et
954 3252 1120 3316 uniformis

187 3345 327 3426 precatio
346 3351 492 3409 constans
506 3346 647 3428 pluribus
663 3345 867 3424 cretionibus,
890 3345 1031 3426 psalmis,
1056 3347 1121 3408 lec-

187 3437 325 3521 tionibus
345 3443 376 3498 et
391 3439 516 3517 hymnis
535 3439 678 3517 Domino,
698 3439 797 3501 veluti·
809 3439 1028 3519 quotidianum
1042 3457 1121 3519 perr·

186 3545 257 3593 sum
271 3530 496 3591 exsolvendum
518 3532 602 3612 quod
623 3532 733 3610 primis
755 3532 901 3595 Ecclesia
923 3531 1119 3612 temporibus
