2546 4016
325 271 435 319 merca
462 269 616 318 sruonus
636 269 720 318 rums
741 269 896 317 cnuourcr.
1020 255 1078 318 131

13 411 14 492 ]
142 419 262 480 nullam
281 416 489 479 obtinuerunt
508 413 728 476 auctoritatem
746 415 778 476 in
798 434 856 476 usu
871 435 877 476 :
895 413 1017 492 solum,
1040 433 1079 475 ne

143 511 303 591 deperiret
316 510 379 570 hoc
403 527 482 588 opus
503 507 599 570 tantis
622 507 784 570 laboribus
813 508 1007 585 confectum,
1034 511 1081 570 tot

143 603 393 668 correctionibus
408 601 629 678 emendatum,
652 604 818 680 coeperunt
833 601 910 662 illud
934 601 1029 662 edere
1048 601 1080 662 in

143 697 306 762 volumino
319 695 460 758 secundo
476 694 624 774 Corporis
635 693 716 775 juris
731 694 883 756 canonici.

429 845 480 899 5¹¹·
497 855 623 896 sunum,
637 855 740 895 amum,
757 856 808 888 ure.

184 975 238 1036 v1.
263 973 338 1033 Haec
363 969 439 1032 setis
451 972 555 1032 essent
576 970 615 1030 de
630 969 855 1049 compositione
870 972 902 1031 et
915 969 1082 1048 partitione

145 1065 294 1146 Corporis
301 1063 382 1144 juris
394 1062 794 1136 canonioi;sedcanonistae
803 1062 980 1126 subtiliores
988 1064 1083 1124 etiam

143 1157 405 1238 investigationes
419 1159 617 1236 proponunt3
635 1175 749 1236 nempe
764 1175 836 1218 cum
855 1157 887 1217 in
902 1155 1082 1238 hujusmodi

146 1272 258 1334 opere,
279 1254 397 1330 praeter
414 1253 620 1312 monumenta
634 1249 821 1329 principalia
836 1296 844 1326 ,
860 1249 1038 1312 habeantur
1052 1253 1083 1311 et

146 1347 303 1422 rubricae,
322 1347 354 1407 ct
375 1342 564 1420 summaria,
589 1346 621 1404 et
641 1344 770 1422 glossae,
793 1345 824 1404 et
843 1342 1033 1420 additiones,
1052 1345 1084 1403 et

146 1444 247 1517 notae,
262 1456 391 1500 necesse
410 1440 457 1500 est
478 1439 513 1497 ut
527 1436 566 1497 de
581 1435 713 1498 istorum
737 1436 921 1499 auctoritate
945 1437 1084 1498 breviter

147 1535 353 1596 disseramus.

188 1625 330 1688 Robrica
355 1626 429 1684 sunt
453 1622 650 1702 singulorum
676 1623 838 1686 titulorum
865 1622 1084 1702 inscriptiones

149 1738 243 1802 quae,
267 1735 340 1779 cum
359 1715 531 1796 antiquitus
546 1716 683 1778 solerent
697 1717 794 1778 rubro
808 1716 912 1778 colore
927 1716 1081 1793 describi,

149 1815 195 1876 sic
210 1816 331 1875 vocatae
346 1814 429 1872 sunt.

191 1907 301 1970 Solent
323 1904 492 1966 canonistae
508 1922 562 1966 eas
577 1903 769 1984 distinguere
788 1904 820 1965 in
844 1905 922 1967 duas
948 1904 1081 1981 classes,

151 2017 288 2082 quarum
303 1998 381 2059 alias
395 1997 617 2076 praeceptivas,
637 1997 714 2059 alias
728 2017 791 2060 non
806 1998 1010 2078 praeceptivae
1028 2016 1085 2060 vo-

150 2097 235 2155 cant.
259 2091 455 2171 Proecepticoe
474 2095 547 2153 sunt
569 2109 614 2152 eae
637 2109 707 2171 quoe
728 2091 847 2153 habent
865 2110 991 2154 sensnm
1014 2109 1086 2170 per-

150 2187 270 2248 fectum
287 2206 294 2248 ε
307 2205 337 2247 v.
351 2203 396 2264 g.,
411 2203 450 2245 ne
467 2184 542 2246 sede
552 2188 684 2246 vacante
699 2184 818 2265 aliquid
829 2185 1006 2248 innovetur.
1017 2184 1086 2247 Noa

145 2279 419 2362 proeccptc'voequee
439 2295 502 2338 non
519 2278 681 2340 continent
705 2278 763 2339 nisi
787 2298 907 2341 meram
921 2279 1087 2340 indicatio-

153 2392 226 2434 nem
245 2390 353 2434 rerum
374 2389 444 2452 quae
472 2370 505 2432 iu
529 2370 626 2432 titulis
646 2372 955 2450 comprehenduntur
973 2393 1023 2434 xv.
1038 2392 1083 2451 g.,

153 2468 195 2529 de
209 2464 495 2542 constitutionibus,
510 2467 570 2526 etc.
588 2464 711 2526 Primas
722 2465 850 2545 allegari
863 2473 990 2545 possent
1003 2466 1087 2546 posi-

153 2561 233 2638 tive,
249 2559 359 2620 dicunt
382 2557 497 2638 aliqui,
518 2564 613 2636 atquc
629 2557 747 2620 habere
756 2557 836 2639 juris
852 2559 1084 2636 auctoritatem,

154 2653 310 2733 siquidem
342 2652 483 2712 collectio
500 2651 559 2714 fuit
581 2652 742 2730 pontificia
765 2653 950 2714 auctoritate
973 2670 1088 2732 appro-

156 2748 242 2824 bata,
257 2745 338 2808 utin
354 2745 481 2810 decreto
498 2744 640 2823 Gregorii
654 2748 707 2824 IX,
720 2745 752 2806 in
766 2748 829 2825 VI0,
845 2751 904 2809 etc.
916 2746 1000 2808 Alias
1010 2765 1086 2808 vero

158 2843 282 2902 tantum
297 2838 426 2918 allegari
439 2842 567 2918 possent
582 2838 786 2919 declarativa,
804 2861 917 2921 nempe
927 2841 968 2902 ad
990 2840 1087 2921 majo-

159 2952 225 2995 rem
245 2932 484 2994 illustrationem
499 2932 638 3011 capitum
653 2951 723 3012 quae
742 2934 775 2994 in
794 2933 926 2998 rubricis
948 2952 1088 3012 compre-

158 3026 349 3088 handuntur.

197 3123 316 3182 Verum
326 3117 542 3181 contendimus
555 3124 681 3182 neutros
693 3120 823 3201 allegari
837 3139 929 3201 posse
941 3119 1085 3200 positive,

159 3213 233 3294 quia
247 3230 311 3273 non
327 3213 443 3274 habere
458 3212 604 3274 videntur
618 3214 811 3277 voluntatem
825 3215 1029 3295 legislatoris,
1048 3215 1090 3277 si-

160 3307 287 3386 quidem
301 3305 407 3367 abillo
423 3324 485 3366 non
502 3307 684 3386 approbatae
699 3308 844 3387 fuerunt,
861 3308 918 3370 nisi
938 3313 1089 3391 tanquam

162 3399 314 3477 rubricae,
331 3399 363 3459 id
378 3400 476 3460 estad
499 3399 718 3462 illustrandum
736 3405 871 3483 textum,
898 3422 961 3466 non
984 3407 1090 3466 autem

165 3492 205 3557 ad
216 3491 444 3554 moderandum
453 3491 515 3578 jus.
