2514 4014
343 285 453 332 noeros
475 285 626 332 serenus
646 283 730 332 rums
752 281 907 330 cercuro.
1058 269 1093 330 tt

150 429 229 511 jore
241 431 379 492 cononice
393 449 451 491 ooo
473 429 550 491 calet
570 429 754 511 rescriptum.
767 426 909 490 -Ratio
925 427 989 502 est,
1010 423 1094 505 quia,

157 523 235 585 licet
256 524 318 585 ista
333 523 477 602 obreptio
491 523 540 584 vel
562 523 733 602 subreptio,
757 521 931 602 quorcirca
952 517 1097 580 acciden-

158 617 405 679 tabefactorum
418 619 572 694 versatur,
590 633 653 677 nou
667 616 791 677 tolleret
803 615 842 676 de
854 633 888 675 se
904 613 1097 674 voluntatem

158 708 366 770 rescribentis
392 707 519 787 (positis
542 708 625 768 enirn
653 709 705 768 vel
733 726 796 769 non
823 705 931 786 positis
953 705 1014 766 illis
1038 704 1098 766 cir-

161 801 376 878 cumstantiiS,
392 802 539 879 princeps
562 797 674 862 eodem
700 801 795 862 modo
820 798 1009 878 respondere
1026 815 1098 858 cen-

158 895 278 955 sendus
289 894 364 973 est),
382 897 541 954 Romanus
550 894 704 971 Pontifex,
712 912 781 972 cap.
797 894 852 953 XX
869 892 908 953 de
922 890 1093 969 rescriptis,

160 991 272 1066 aperte
298 983 494 1048 voluntatem
520 1005 609 1047 suam
631 988 691 1048 hac
718 987 759 1047 de
782 1004 816 1046 re
845 984 1034 1060 declaravit,
1064 986 1099 1044 ut

160 1098 278 1158 nempe
296 1079 329 1139 in
355 1098 483 1158 poeuam
505 1079 623 1141 fraudis
638 1081 688 1142 rel
712 1078 774 1140 doli
801 1077 936 1138 meudex
955 1080 1099 1156 precator

162 1175 272 1234 careat
290 1172 476 1250 impetratis.

203 1267 242 1328 Et
255 1265 325 1326 haec
339 1265 378 1325 de
393 1265 424 1325 vi
445 1266 671 1344 rescriptorum
687 1265 771 1327 dicta
790 1263 956 1326 sufficiant.

204 1361 241 1420 V.
266 1360 356 1418 Nunc
369 1355 409 1418 de
422 1359 632 1440 coemptarum
644 1358 807 1419 duratione.

205 1450 414 1528 Rescriptum,
427 1451 486 1511 nisi
498 1449 590 1512 aliter
598 1455 725 1514 cautum
732 1450 837 1526 fuerit,
849 1467 907 1512 seu
924 1448 966 1508 ad
979 1450 1100 1510 certum

164 1550 290 1622 tempus
313 1560 498 1604 concessum
518 1544 672 1622 fuerit,in
699 1549 888 1623 perpetuum
918 1557 1100 1602 concessum

165 1637 311 1698 habetur.
328 1637 407 1696 Nam
420 1655 458 1696 ea
473 1640 521 1698 est
534 1638 760 1718 rescriptorum
786 1634 907 1696 indoles
935 1634 970 1694 ut
984 1632 1035 1692 vel
1061 1631 1100 1692 de

162 1730 270 1808 legum
293 1731 406 1790 natura
415 1730 619 1810 participent,
643 1729 747 1810 prouti
762 1729 836 1790 sunt
849 1725 1005 1804 rescripta
1027 1741 1104 1803 quae·

166 1822 286 1884 faciunt
300 1822 352 1902 jus
367 1839 544 1900 commune,
556 1824 607 1885 vel
630 1825 742 1886 saltem
754 1823 860 1900 legum
873 1821 1020 1881 naturam
1031 1816 1102 1878 imi-

167 1914 313 1976 tenturin
329 1933 365 1975 eo
382 1916 465 1994 quod
485 1915 633 1995 principis
652 1917 847 1978 voluntatem
866 1913 1014 1993 produnt,
1030 1927 1099 1990 quae
1122 1977 1123 1981 ,

167 2025 229 2068 uon
250 2007 457 2090 praesumitur
473 2007 595 2070 variata
626 2026 788 2089 quousque
824 2005 978 2068 variatam
1005 2004 1099 2066 fuisse

168 2100 410 2162 demonstretur.
433 2102 631 2181 Quapropter
651 2099 918 2183 quemadmodum
933 2099 984 2158 lex
1002 2097 1099 2158 semel

168 2211 205 2254 ac
223 2193 290 2253 lata
305 2193 400 2254 fuerit
415 2211 451 2254 eo
467 2213 566 2274 usque
590 2195 763 2273 perdurare
778 2196 924 2256 censetur
936 2207 1099 2270 quousque

169 2304 188 2345 a
208 2285 348 2364 principe
370 2304 432 2347 non
447 2286 552 2364 fuerit,
568 2306 626 2349 nec
648 2288 767 2348 directe
786 2304 844 2346 nec
858 2284 1025 2360 indirecte,
1042 2301 1099 2343 uec

169 2397 314 2456 expresse
335 2397 393 2440 nec
413 2379 518 2456 tacite,
542 2373 712 2459 abrogata,
731 2379 776 2440 ita
792 2378 979 2456 rescriptum
1001 2375 1099 2436 semel

170 2489 351 2532 eoncessum
365 2475 488 2533 tantum
503 2473 597 2534 durat
618 2474 717 2534 donec
737 2490 757 2531 a
768 2471 909 2550 principe
921 2471 1096 2530 revocetur.

209 2563 271 2624 Sed
286 2561 485 2644 inquantum
505 2565 694 2644 rescriptum
705 2564 849 2643 specifice
865 2562 970 2624 differt
984 2562 1096 2639 alege,

171 2655 265 2718 habet
280 2673 353 2718 suos
372 2656 535 2718 desinendi
549 2659 660 2721 modos
681 2657 825 2736 proprios
848 2658 879 2716 et
901 2654 1096 2733 singulares;

172 2767 282 2826 nempe
316 2767 380 2810 non
405 2753 528 2812 tantum
551 2751 751 2812 revocatione
781 2747 949 2829 principis,
982 2747 1038 2808 sed
1067 2750 1099 2808 et

172 2842 399 2903 renuntiatione
421 2845 453 2903 et
472 2847 575 2905 morte
589 2862 712 2905 cessare
731 2845 845 2922 potest.

207 2935 448 2996 Renuntiatioue
461 2936 578 2998 scilieet
587 2937 782 3016 impetrantis
799 2937 901 2998 cessat
908 2934 1097 3012 'rescriptum

172 3026 253 3105 quod
282 3027 421 3089 continet
443 3047 566 3090 merum
585 3030 725 3091 favorem
751 3031 801 3091 vel
814 3026 989 3106 simplicem
1017 3026 1098 3088 utili-

171 3122 264 3180 tatem
279 3120 485 3198 impetrantis.
501 3123 658 3184 Notissimi
674 3123 758 3185 euim
769 3122 849 3204 juris
870 3123 917 3182 est
938 3120 1022 3199 quod
1033 3119 1096 3200 juri

171 3229 224 3290 pro
240 3231 273 3272 se
287 3213 465 3276 introducto
479 3215 609 3295 quilibet
624 3219 728 3295 potest
743 3215 933 3278 renuntiare.

208 3306 307 3367 Morte
321 3323 397 3367 vero
410 3307 574 3386 tripliciter
587 3328 710 3372 cessare
720 3313 824 3390 potest
837 3307 1025 3388 rescriptum
1039 3308 1097 3369 im·

172 3399 320 3490 petrantis
331 3417 455 3478 nempe,
470 3403 644 3465 executoris
657 3405 708 3465 vel
724 3401 933 3465 rescribentis.

210 3494 238 3551 l⁰
258 3493 357 3555 Morte
366 3493 568 3574 impetranda·
577 3515 646 3576 quae
655 3497 738 3559 enim
747 3515 894 3560 concessa
902 3498 975 3556 sunt
987 3492 1092 3554 animo
