2546 4016
188 297 258 360 ‘llo
409 307 638 357 rasnrurroxas
658 305 741 354 urnis
763 305 917 352 canorum.

185 455 275 518 illud
289 454 341 536 jus
358 451 493 533 speciale
510 448 706 532 supponitur,
722 453 777 511 aut
790 449 950 531 antiquius
959 448 1032 531 jure
1044 465 1140 514 com-

180 548 305 625 ·rnuni,
328 547 377 608 vel
399 545 567 608 recentius.
585 545 619 607 Si
641 542 798 623 antiquius
812 543 919 622 fuerit,
943 562 1001 623 per
1014 563 1138 607 novum

194 642 247 722 jus
265 657 431 702 commune
449 638 493 699 illi
513 637 705 700 contrarium
724 654 787 697 non
805 639 950 698 censetur
970 626 1137 721 legislator

185 733 241 794 illi
264 733 417 812 derogare
434 731 585 808 voluisse,
601 729 661 791 nisi
681 729 725 814 ds
741 747 777 791 eo
801 747 981 808 expressam
990 731 1134 794 ¹mentio-

181 844 272 888 ”nem
294 825 405 900 faciat3
431 843 505 886 nam
528 823 779 904 praesumebatur
808 823 860 904 jus
885 823 962 884 illud
994 823 1132 902 speciale

189 921 355 1000 ignorare.
369 918 400 980 si
416 937 491 980 vero
503 917 556 999 jus
569 915 758 996 particulare
773 916 868 978 fuerit
881 917 1048 994 recentius,
1063 915 1132 978 sine

199 1013 294 1075 dubio
317 1013 449 1090 derogat
463 1010 528 1090 juri
548 1009 723 1086 communi,
739 1009 812 1070 licet
829 1009 868 1070 de
887 1027 923 1070 eo
938 1009 1133 1071 mentionem

180 1123 261 1167 vuon
276 1104 389 1178 faciat3
405 1121 479 1164 nam
493 1102 613 1164 sciebat
626 1102 786 1180 legislator
796 1101 849 1182 jus
864 1120 1029 1163 commune
1039 1121 1047 1177 ;
1059 1116 1132 1182 pro-

181 1249 182 1252 ,
196 1201 317 1276 pterea,
330 1196 355 1257 si
370 1213 433 1257 non
451 1196 594 1257 obstante
610 1211 648 1255 es
662 1194 793 1256 scientia
808 1194 921 1258 edebat
931 1194 984 1275 jus
995 1195 1132 1274 particu-

179 1323 181 1326 -
197 1289 278 1367 lare,
293 1289 420 1351 volebat
432 1288 477 1349 illi
492 1287 655 1366 derogare.

212 1399 215 1405 “
237 1386 292 1444 3Ιιιιι
307 1381 420 1446 (loroll.
439 1381 472 1444 Si
483 1384 604 1461 pugnat
612 1381 663 1461 jus
676 1381 811 1460 speciale
824 1399 895 1441 oum
904 1380 976 1462 jure
989 1380 1128 1459 speciali,

181 1479 190 1532 .’·
197 1476 363 1557 praefertur
382 1475 552 1555 antiquius.
568 1477 647 1536 Nam
661 1473 863 1553 presumitur
877 1473 1036 1553 legislator
1052 1472 1131 1534 illud

197 1567 356 1649 ignorare,
371 1572 540 1648 propterea
553 1567 597 1628 illi
613 1567 766 1646 derogare
781 1567 876 1644 nolle,
892 1566 951 1627 nisi
967 1569 1073 1646 aperto
1090 1564 1129 1626 de

183 1679 236 1725 :eo
248 1661 440 1724 mentionem
454 1661 559 1724 faciat.

186 1773 188 1778 ’
238 1758 308 1820 Una
333 1755 426 1816 datur
450 1753 590 1833 exceptio
614 1752 688 1814 huic
716 1751 826 1814 ultimo
854 1751 1039 1825 corollario;
1065 1750 1127 1814 imo

184 1865 261 1910 *non
280 1850 329 1909 est
347 1847 504 1927 exceptio,
519 1847 574 1908 sed
589 1845 759 1908 declaratio
777 1865 783 1906 :
800 1845 925 1925 quando
945 1863 1057 1924 nempe
1075 1863 1128 1924 ap·

184 1957 311 2021 parens
330 1959 437 2020 pugna
455 1940 613 2001 invenitur
631 1939 713 2000 inter
728 1938 781 2019 jus
797 1939 933 2018 speciale
948 1942 979 1999 et
988 1937 1041 2018 jus
1060 1956 1125 2017 spe·

197 2027 287 2111 ciale,
301 2032 381 2094 sicut
394 2033 420 2094 si
432 2031 526 2093 realis
540 2035 623 2093 esset
636 2049 743 2111 pugna
757 2031 840 2092 inter
849 2030 902 2111 jus
917 2048 1083 2092 commune
1098 2034 1129 2092 et

193 2127 246 2208 jus
269 2127 424 2206 speciale:
442 2125 568 2206 quando
598 2125 716 2186 scilicet
742 2124 857 2186 accidit
882 2127 916 2186 ut
940 2122 1058 2204 aliquid
1081 2141 1129 2186 rc-

196 2219 347 2299 scrlptum
364 2219 449 2298 quod
469 2218 642 2280 secundum
659 2218 793 2279 formam
811 2216 1018 2279 extrinsecam
1034 2216 1075 2280 sit
1088 2217 1128 2278 de

187 2311 265 2393 ¹jure
280 2311 422 2391 speciali,
438 2312 543 2392 quoad
563 2329 630 2372 rem
647 2328 722 2372 vero
741 2329 805 2372 non
825 2309 985 2388 exhibeat,
1003 2307 1062 2370 nisi
1075 2309 1128 2390 jus

197 2423 379 2480 commune3
400 2409 568 2485 propterea
588 2405 620 2465 in
642 2403 788 2466 conflictu
810 2422 873 2465 non
897 2407 1043 2465 consetur
1060 2407 1128 2466 tsn-

196 2515 292 2577 quam
303 2497 355 2579 jus
369 2499 573 2577 particulare,
589 2498 645 2559 sed
659 2500 810 2577 tanquam
821 2497 873 2577 jus
887 2515 1063 2558 commune.

210 2623 212 2630 ·
237 2591 331 2653 Verh.
346 2609 377 2670 g.
394 2610 401 2651 :
418 2585 606 2670 Episcopus,
619 2593 770 2670 tanquam
777 2590 960 2651 ordinarius
971 2590 1127 2670 guberna-

195 2686 245 2744 tor
259 2701 323 2744 suae
339 2682 494 2759 dioecesis,
511 2682 617 2760 habet,
633 2682 752 2763 dejure
768 2683 937 2760 communi,
952 2682 1079 2761 plenam
1095 2685 1128 2745 et

189 2775 388 2836 ordinariam
420 2775 721 2837 administrationem
753 2776 894 2838 omnium
927 2775 1127 2854 negotiorum

195 2865 337 2948 ejusdem
350 2866 541 2942 dioeceseos3
555 2867 639 2929 unde
657 2872 704 2930 est
720 2867 851 2930 collator
866 2867 1042 2929 ordinarius
1059 2884 1128 2930 om-

189 2961 283 3022 -nium
303 2959 528 3024 beneficiorum
550 2977 614 3022 suae
636 2961 797 3034 dioecesis;
821 2979 891 3040 quas
914 2961 1043 3041 quidem
1064 2959 1127 3034 col·

191 3053 268 3117 latio
289 3057 426 3134 estpars
447 3054 633 3116 dioecesanae
656 3053 944 3116 administrationis.
963 3055 1127 3133 Suppone-

193 3161 265 3210 mus
291 3148 376 3228 quod
402 3136 561 3210 Romanus¹
584 3147 737 3225 Pontifex,
753 3147 793 3208 ob
815 3165 885 3208 eam
909 3165 1005 3227 quam
1030 3146 1127 3208 habet

194 3239 1125 3321 supereminentempotestatem,sibireservetquorumdsm

193 3331 418 3395 beneficiorum
438 3335 656 3412 collationem,
681 3334 738 3395 sed
760 3334 908 3413 deinceps
929 3352 987 3414 per
1007 3349 1126 3395 novum

189 3425 381 3504 rescriptum
406 3427 522 3489 factam
550 3427 794 3490 reservationem
820 3427 959 3504 auferat,
981 3425 1126 3489 restituat

191 3518 375 3596 episcopum
394 3517 426 3578 in
448 3518 614 3597 pristinum
632 3516 695 3598 jus.
716 3519 783 3580 Hoc
804 3519 991 3596 rescriptum
1007 3523 1055 3580 est
1069 3517 1124 3598 jus
