2484 4016
163 307 222 368 322
380 318 607 368 rnsrxrurrcaus
629 322 710 369 runs
733 321 887 370 crucum.

203 467 237 528 l⁰
258 463 388 526 Cultura
413 461 626 542 scientiarum,
642 465 819 528 litterarum
843 470 874 529 et
896 467 1021 546 naum,
1046 466 1096 529 cui

163 556 292 639 speciali
318 556 414 617 modo
442 555 671 621 addicebantur
700 560 864 637 monachi,
891 561 1097 639 praeservavit

163 655 287 714 aetatem
300 649 385 709 illam
400 668 419 709 a
434 649 522 710 totali
539 651 738 730 ignorantia,
756 651 788 710 in
804 671 898 732 quam
913 672 1003 714 secus
1018 651 1097 715 inci-

162 746 268 808 disset.
291 743 380 806 Unde
406 743 521 804 debent
544 744 700 822 scientiae,
727 746 838 808 litterae
862 749 893 808 et
907 749 990 806 artes
1005 766 1097 808 suam

161 837 397 921 perfectionem,
421 855 573 916 suamque
596 839 865 900 conservationem
885 839 985 900 ordini
1001 840 1097 902 bene-

163 931 290 994 dictiue.

203 1025 426 1089 adtenuatus
448 1024 664 1086 monachismo
688 1026 859 1086 maximam
885 1027 988 1088 attulit
1011 1028 1096 1089 utili-

161 1124 272 1197 tatem,
290 1135 387 1198 quum
412 1117 589 1196 praesertim
606 1119 737 1180 clericus
760 1119 909 1180 secularis
930 1121 1096 1181 secularia

161 1213 237 1276 vitia
251 1213 435 1292 prosecutus
450 1210 543 1271 nimis
569 1230 638 1272 esse
661 1212 838 1274 videbatur.
862 1215 927 1274 Hac
949 1213 1033 1275 enim
1056 1214 1095 1275 de

161 1325 257 1369 causa
269 1307 386 1366 lactum
402 1309 449 1364 est
458 1306 493 1364 ut
502 1293 648 1365 mo⁸nachi
658 1304 859 1383 benedictini,
868 1306 907 1367 ob
921 1311 1095 1384 spectatam

160 1401 232 1462 vitae
248 1397 445 1460 sanctitatem
467 1413 531 1474 prae
553 1399 675 1460 caeteris
701 1399 843 1476 clericiS,
864 1399 1050 1461 emicuerint
1066 1406 1097 1462 et

164 1494 334 1555 maximam
357 1489 535 1569 principum
563 1495 594 1552 et
620 1492 809 1572 populorum
834 1491 1096 1554 existimationem

162 1587 220 1649 sibi
240 1601 423 1665 comparare
449 1585 480 1642 et
498 1581 544 1642 rei
569 1583 745 1646 christianae
761 1584 931 1664 plurimum
951 1585 1094 1646 conferre

161 1680 219 1741 visi
234 1681 305 1742 sint.

200 1776 232 1834 3⁰
252 1775 331 1838 Hinc
356 1777 424 1858 ipsa
445 1773 565 1856 regalia
576 1772 651 1852 jura
672 1789 742 1850 quae
762 1771 904 1849 pluribus
925 1771 1094 1833 abbatibus

163 1873 372 1948 accesserunt,
390 1888 453 1933 non
471 1884 604 1948 parvam
629 1883 736 1925 secum
755 1864 894 1926 tulerunt
913 1865 1091 1929 utilitatem.

164 1961 284 2044 Quippe
298 1968 468 2042 potuerunt
481 1961 558 2041 ipsae
569 1957 781 2038 legislationes
792 1957 898 2019 civiles
913 1958 1096 2020 orthodoxis

163 2054 261 2116 imbui
276 2055 453 2135 principiis3
469 2071 567 2134 quum
581 2053 639 2113 sub
654 2050 779 2112 illorum
791 2051 976 2113 auctoritate
993 2052 1095 2113 modi-

163 2149 340 2210 ficabantur
357 2167 427 2229 quae
445 2146 624 2209 christianae
647 2144 847 2224 perfeetionis
866 2145 1094 2224 professionem

164 2261 202 2302 ex
222 2242 363 2304 instituto
377 2242 522 2302 foverint.
542 2241 659 2303 Verum
674 2239 815 2318 ingentes
828 2237 944 2300 divitia
965 2242 996 2300 et
1009 2257 1094 2300 eurae

162 2336 352 2414 temporales
363 2354 444 2415 quae,
456 2334 516 2394 hae
531 2333 570 2394 de
585 2351 691 2410 causa,
707 2331 868 2392 monachis
879 2337 1092 2410 accesserunt,

162 2449 199 2490 ex
221 2429 282 2490 alia
305 2433 405 2509 parte,
429 2445 579 2488 enervare
598 2427 762 2504 coeperunt
775 2425 981 2486 monasticam
1001 2423 1095 2486 disci-

163 2522 293 2603 plinam.
321 2525 423 2596 Quare
445 2539 528 2582 nova
545 2519 645 2598 surgit
658 2519 850 2598 regularium
865 2519 1004 2598 epocha,
1022 2537 1095 2599 quae

163 2616 341 2695 oppositam
357 2615 483 2677 omniuo
508 2611 698 2693 precedenti
712 2611 848 2689 speciem
862 2611 962 2691 gerit,
979 2629 1096 2694 nempe

162 2709 419 2771 mendicantium.

465 2845 504 2884 111.
521 2842 604 2891 Epccln
619 2813 788 2880 mcodlcunllum.

201 2977 252 3037 ΧΙ.
277 2975 358 3036 Dilui
374 2977 544 3056 coeperant,
565 2971 678 3033 sacnlo
692 2969 890 3047 duodecimo,
907 2969 1096 3048 ignorantiae

161 3069 299 3131 tenebra
315 3087 385 3150 quae
401 3072 577 3129 anteactam
592 3068 717 3126 aetatem
729 3064 933 3125 obduxerant.
946 3063 1097 3122 Omnium

162 3162 289 3241 ingenia
305 3180 387 3224 nova
400 3161 503 3221 moliri
515 3158 720 3233 conabantur,
735 3163 766 3216 et
775 3156 807 3217 in
823 3174 859 3216 ea
874 3155 979 3216 omnia
994 3158 1098 3217 tenta-

162 3255 248 3316 mina
272 3255 363 3316 avide
390 3269 615 3332 prorumpere,
640 3269 709 3329 quae
734 3249 865 3326 artium,
891 3247 1095 3309 scientiarum

162 3366 348 3427 morumque
376 3345 619 3407 restaurationes
640 3343 844 3423 sequentibus
859 3340 980 3403 sareulis
1001 3358 1094 3421 pera-

160 3442 248 3501 bant.
266 3443 321 3500 Hae
343 3438 448 3499 saeculi
470 3437 639 3499 tendentia
656 3435 860 3498 consideratae
880 3435 911 3495 in
926 3433 1036 3494 ordine
1051 3434 1094 3494 ad

161 3533 277 3590 statum
289 3529 481 3607 religiosum,
505 3529 641 3590 infinitas
654 3528 883 3608 propemodum
898 3545 995 3588 novas
1007 3526 1095 3588 insti·
