2514 4014
164 313 204 374 '16
371 323 599 372 msrmurmuas
620 321 702 370 rurus
724 319 877 367 cauomcr.

165 470 273 532 tiam.
290 468 407 530 'letalis
430 472 477 530 est
501 468 526 528 si
551 467 712 529 minuetur
735 465 893 543 integrum
913 461 1097 525 exercitium

162 563 281 645 jurium
303 560 508 635 clericalium
525 560 677 639 partialis,
694 558 719 619 si
730 557 951 618 nonnullorum
973 559 1098 618 tantum

166 655 349 717 exercitium
365 653 580 733 prohibeatur.

205 749 283 810 Cum
302 750 407 808 autem
424 745 499 827 jura
513 745 669 806 clericalia
690 745 753 806 sint
770 743 869 820 varia,
885 741 1026 821 partialis
1040 741 1100 804 ho-

166 859 235 902 rum
242 839 376 920 privatio
384 838 584 899 ininferiores
593 838 688 899 etiam
696 838 810 898 classes
819 839 922 916 potest
930 835 1098 915 distingui:

113 935 116 944 '
208 932 241 995 Si
250 950 325 994 vero
335 930 545 1010 suspendatur
554 949 609 990 seu
622 929 971 991 minuaturexercitium
978 927 1101 1008 jurium

169 1024 396 1088 communionis
409 1023 509 1101 laicae,
526 1041 596 1103 quae
609 1022 737 1084 cuilibet
752 1021 920 1082 christiano
938 1021 1099 1099 compet't,

168 1122 203 1180 ut
222 1111 420 1193 christianus,
445 1119 520 1178 tunc
543 1134 639 1194 poena
658 1115 774 1178 dicitur
788 1113 1046 1175 excommunicatio
1067 1114 1101 1173 in

168 1210 282 1291 specie.
299 1211 338 1271 ut
355 1208 423 1270 haec
439 1208 718 1270 excommunicatio
740 1207 942 1287 distinguitur
956 1207 988 1266 in
1006 1207 1103 1286 mojo-

168 1321 230 1364 rem
254 1305 285 1363 et
296 1301 447 1362 minorem.
465 1301 567 1381 Major
581 1302 663 1363 tollit
686 1301 844 1380 integrum
860 1299 1102 1380 exercitiumju-

168 1396 250 1457 rium
271 1393 499 1456 communionis
525 1393 721 1468 christianae;
749 1394 846 1455 mmor
871 1388 952 1455 tollit
977 1395 1101 1454 tantum

169 1487 391 1550 nonnullorum
398 1485 519 1567 jurium
531 1487 724 1548 exercitium.

208 1581 312 1644 Media
326 1597 401 1642 vero
420 1580 596 1657 intercedit,
617 1580 699 1642 inter
721 1578 875 1660 majorem
895 1585 926 1642 et
946 1579 1101 1641 minorem

171 1673 535 1751 excommunicationem,
546 1674 691 1752 quadam
703 1672 997 1750 excommunicatio,
1011 1672 1102 1752 cujus

171 1767 301 1830 intuitus
314 1771 361 1828 est
375 1769 498 1828 tantum
508 1765 675 1846 prohibere
690 1766 828 1846 aliquem
840 1765 1044 1828 christianum
1061 1765 1102 1826 ab

171 1860 314 1940 ingressu
337 1860 503 1933 Ecclesiae3
533 1877 602 1939 quae
627 1859 955 1920 excommunicationis
968 1858 1098 1938 speeies,

173 1952 404 2030 comparatione
420 1952 504 2012 facta
522 1952 562 2012 ad
576 1951 796 2028 interdictum,
813 1951 901 2032 cujus
913 1951 1041 2013 intuitus
1054 1955 1103 2012 est

172 2044 280 2106 tollere
293 2044 333 2105 ab
348 2043 415 2105 aede
436 2063 526 2106 sacra
549 2045 724 2106 functiones
747 2063 914 2118 seusacra
936 2045 1098 2122 solemnia,

173 2136 286 2198 dieitur
308 2135 505 2216 interdictum,
523 2139 578 2199 sed
600 2157 673 2199 cum
686 2137 792 2204 addito
803 2139 944 2218 personat
960 2185 966 2201 .
990 2137 1100 2200 Ethoc

172 2229 373 2292 interdictum
386 2231 550 2310 personale
565 2230 734 2311 aliquando
750 2231 908 2292 concurrit
920 2249 992 2293 cum
1006 2231 1099 2294 inter-

173 2321 255 2384 dicto
270 2322 372 2400 locali,
386 2342 447 2403 quo
468 2342 542 2385 casu
557 2324 644 2385 audit
663 2323 800 2385 mictum.
820 2327 875 2385 Hae
888 2323 1008 2403 species
1028 2343 1101 2386 con-

172 2413 350 2476 siderentur
359 2415 391 2475 in
406 2416 514 2478 ordine
526 2417 567 2478 ad
578 2417 680 2479 solum
699 2417 898 2495 exercitium,
915 2421 982 2479 tum
997 2417 1101 2497 quoad

173 2507 291 2585 locum,
307 2512 375 2568 tum
390 2510 494 2588 quoad
508 2501 668 2589 personas.

213 2601 278 2663 Vll.
303 2600 366 2663 Sed
380 2605 509 2681 possunt
528 2602 623 2664 etiam
642 2605 711 2683 ipsa
730 2604 803 2685 jura
826 2603 949 2684 penitus
971 2606 1099 2682 auferri,

174 2712 236 2756 non
249 2696 371 2756 tantum
381 2695 520 2775 ipsorum
531 2697 713 2758 exercitium
725 2698 885 2776 suspendi,
898 2699 942 2760 ita
954 2702 989 2760 ut
1003 2699 1102 2759 chris-

173 2787 276 2847 tianus
290 2787 340 2847 vel
355 2787 485 2849 clericus
500 2807 563 2848 non
578 2790 712 2868 amplius
726 2790 757 2850 in
771 2790 942 2853 christiana
962 2791 1102 2852 Ecclesia

174 2878 224 2940 vel
236 2877 268 2939 iu
280 2879 351 2940 alho
362 2881 547 2942 clericorum
561 2882 692 2943 existere
709 2887 881 2962 reputetur.
891 2884 1028 2945 Clericus
1038 2901 1101 2945 non

174 2976 296 3034 tantum
306 2971 488 3035 interdictus
504 2974 594 3036 estin
614 2976 722 3037 ordine
738 2977 778 3036 ad
793 2973 973 3038 exercitium
982 2975 1102 3058 jurium

175 3065 327 3127 clericalis
349 3067 476 3144 ordiuiS,
493 3066 549 3128 sed
568 3068 662 3128 etiam
683 3087 745 3129 non
765 3069 898 3148 amplius
911 3069 1102 3130 considerari
1128 3091 1131 3096 ·

175 3163 277 3236 potest
289 3162 324 3220 ut
333 3159 480 3234 clericum
498 3160 706 3240 etaliquando
717 3161 811 3222 etiam
827 3179 884 3222 nec
900 3162 1030 3222 clericus
1044 3180 1103 3222 nec

176 3247 378 3326 christianum
392 3252 490 3314 laicus
505 3271 561 3332 pro
577 3272 640 3313 non
655 3253 823 3316 christiano
839 3257 973 3315 tenetur.
1002 3247 1006 3257 “

216 3343 323 3419 Porro,
340 3343 366 3403 si
381 3344 563 3407 minuantur
572 3346 721 3426 juraipsa
733 3347 960 3408 communionis
975 3347 1103 3407 clerica-

176 3433 336 3514 rispens
359 3439 427 3497 tum
447 3438 561 3498 dieitur
584 3438 723 3520 depositio
746 3460 801 3514 seu
816 3439 987 3520 depredatio
1003 3440 1102 3520 (quasi
1120 3426 1133 3450 ⁹

178 3527 330 3615 depositio
345 3527 519 3613 degrada).
