2546 4016
178 265 236 326 Iob
389 277 617 324 rusrrrurronas
637 277 719 322 runis
741 274 894 322 eanoulur.

177 424 227 484 vel
237 423 413 501 corruptae
430 421 577 482 Gratiano
586 421 943 498 recensenturtonquam
956 416 1104 498 genuina,

176 516 356 594 Incorrupta
370 518 400 575 et
415 513 546 592 integra.

217 608 280 669 Sed
307 607 333 668 si
356 610 533 686 spectemus
555 605 792 667 aestImationem
812 621 907 684 quem
926 603 1107 683 hujusmodi

177 718 255 779 opus
267 699 326 760 sibi
342 698 586 777 comparaverit,
601 698 744 760 dubitare
758 715 821 757 non
834 714 1000 775 possumus
1016 697 1109 774 plura

176 795 379 854 monumenta
394 791 425 851 in
439 809 476 852 eo
491 791 627 870 allegata
640 807 710 870 quas
720 792 865 867 respectu
875 788 997 851 critices
1010 792 1108 852 tantae

177 902 239 945 non
250 887 323 946 snut
335 884 539 960 auctoritatis,
549 882 599 944 vel
607 882 839 946 consuetudinis
849 882 891 958 vi,
901 881 951 942 vel
962 881 1109 960 explioIta

176 976 402 1055 approbatione
420 975 612 1038 auctoritatis
632 973 860 1051 ecclesiastieae,
873 973 925 1054 jue
939 992 1107 1039 commune

176 1069 296 1223 fecisisli·
307 1161 370 1222 Sed
390 1161 442 1230 hie
470 1161 614 1223 subtilius
632 1161 730 1240 quari
750 1164 863 1239 potest.
888 1161 1106 1224 Putandumne

57 1307 60 1312 .
177 1256 224 1313 est
246 1253 400 1330 integram
426 1253 563 1314 Gratiani
586 1253 802 1315 collectionem
821 1253 853 1313 in
866 1253 918 1332 y'us
939 1272 1106 1316 commune

175 1344 355 1406 transiisse?
371 1347 411 1407 Ut
429 1346 614 1407 affirmative
637 1345 865 1424 respondeatur
887 1345 960 1406 huie
974 1346 1106 1408 interro-

175 1437 305 1515 gationi,
336 1440 494 1516 oporteret
517 1442 552 1500 ut
582 1439 620 1499 de
647 1438 769 1499 duabus
786 1438 1013 1516 hypothesibus
1043 1458 1107 1502 una

176 1529 389 1591 verificaretur
403 1551 409 1591 :
428 1534 457 1590 1ο
471 1531 522 1591 vel
542 1530 735 1592 consuetudo
749 1529 793 1591 sic
807 1529 986 1593 Introduota
999 1537 1107 1610 posset

176 1623 300 1684 extendi
317 1623 358 1684 ad
376 1623 482 1685 omnia
502 1628 533 1685 et
559 1623 683 1702 singula
698 1626 902 1684 monumenta
918 1641 938 1684 a
957 1623 1104 1686 Gratiano

175 1715 428 1791 relataveli⁰ab
440 1714 1105 1794 auctoritateecelesiasticaintegracolleo-

175 1805 219 1868 tio
231 1808 290 1869 fnit
302 1807 486 1886 approbata.
497 1809 566 1870 Alia
578 1826 641 1869 non
655 1810 758 1887 potest
770 1808 891 1870 admitti
907 1808 1102 1887 hypothesis.

216 1901 313 1960 Porro
330 1904 476 1961 nentrum
492 1901 644 1979 probatur
662 1921 669 1962 :
686 1918 749 1962 nou
768 1900 912 1980 primum,
939 1901 1014 1979 quia
1032 1901 1106 1966 lieet

176 1989 1104 2072 dubitarenonpossimuspluramonumentejuscommune

175 2081 295 2159 fecisse,
312 2082 372 2144 hoe
394 2086 500 2145 tamen
520 2086 559 2146 de
579 2085 724 2147 omnibus
745 2105 808 2147 non
829 2085 1017 2148 verificatur.
1035 2089 1103 2148 Non

174 2173 310 2252 etloum,
328 2176 482 2256 siquidem
504 2179 575 2239 dua
595 2177 710 2238 Iterum
728 2178 918 2257 hypotheses
930 2179 1103 2258 dehacap-

175 2265 360 2343 probatione
378 2270 510 2347 proponi
531 2272 664 2349 possunt
684 2271 805 2334 :altera
830 2272 914 2350 qnod
938 2272 978 2333 ab
1000 2273 1103 2351 Euge-

174 2357 226 2418 nio
252 2359 292 2419 III
307 2360 401 2422 fuerIt
413 2362 556 2440 probata,
574 2362 632 2422 sub
649 2361 738 2442 cnjus
759 2363 941 2441 pontificatu
964 2364 1102 2428 Gratiani

175 2468 254 2529 opus
269 2451 301 2512 iu
312 2453 414 2514 lucem
428 2454 554 2533 prodht,
574 2455 655 2516 sieut
675 2459 783 2516 narrat
796 2454 985 2515 Trithemius
994 2456 1025 2516 in
1043 2475 1101 2518 suo

174 2561 268 2622 opere
290 2544 324 2605 de
346 2545 514 2608 Illustritua
530 2547 603 2609 uiris
620 2546 732 2607 ordinis
754 2547 789 2608 S.
815 2547 969 2609 Benedicti
975 2567 989 2624 ,·
1003 2549 1103 2610 altera

175 2637 259 2717 quod
273 2639 441 2717 Gregorius
451 2642 519 2701 XIII
536 2659 614 2718 opus
626 2639 828 2701 emendatum
839 2641 1060 2719 approbaverit
1070 2646 1102 2703 et

172 2729 307 2791 voluerit
317 2730 361 2790 illi
372 2732 447 2791 dare
458 2733 522 2792 vim
533 2733 621 2812 Iegis.

214 2821 276 2881 Sed
296 2827 406 2883 neutra
420 2824 603 2902 hypothesis
618 2825 768 2888 satisfacit
786 2847 792 2886 :
817 2844 880 2887 non
898 2827 1010 2906 prima,
1026 2827 1100 2906 ana

173 2912 362 2974 Trithemius
377 2915 461 2976 solus
476 2920 533 2994 est,
550 2918 664 2980 saeculo
679 2920 744 2994 XV,
757 2919 789 2978 io
804 2919 972 2982 asserendo
992 2917 1101 2999 hujus-

173 3005 260 3067 modi
289 3008 566 3087 approbationem,
584 3010 623 3070 de
649 3029 712 3090 qua
731 3012 851 3072 nullum
872 3014 972 3074 exstat
992 3029 1102 3074 monu-

174 3102 315 3161 mentum
329 3120 336 3174 ;
354 3119 462 3162 omnes
478 3102 562 3162 enim
576 3103 673 3164 coaevi
687 3107 742 3166 aut
755 3105 938 3183 supershtes
957 3109 1100 3166 auctores

175 3189 214 3250 de
225 3190 284 3252 hae
299 3195 403 3256 tacent
416 3195 553 3270 omnino,
568 3194 710 3275 quamvis
722 3195 905 3260 habuissent
919 3197 1034 3259 multas
1051 3215 1101 3259 oc·

175 3281 315 3344 easiones
330 3285 369 3347 de
386 3306 424 3348 ea
433 3287 581 3368 loquendi
594 3289 617 3350 ¹.
636 3290 719 3367 Ergo
735 3289 837 3368 prima
849 3289 1032 3369 hypothesis
1043 3289 1100 3350 ad·

207 3473 212 3500 ¹
230 3471 308 3522 Dedit
319 3472 428 3536 quidem
448 3474 581 3537 Eugenius
599 3475 631 3524 III
644 3476 796 3528 facultatem
811 3480 841 3526 ut
850 3477 967 3528 Gratiani
978 3477 1099 3528 collectio
