2484 4016
346 303 385 352 nn
406 301 535 351 enuere
554 301 638 350 surus
656 299 815 350 emoneo
905 297 910 306 ·
989 289 1048 352 m
1127 282 1132 290 '

116 449 158 512 ab
172 445 320 514 universa
331 447 470 512 uealesia
482 447 514 510 in
524 465 622 511 unum
631 446 839 510 eonveniente
847 445 1048 525 persolvetis·

115 546 187 617 tur;
203 543 289 606 unde
304 541 400 604 etiam
412 540 534 621 synerii
549 540 600 602 vel
612 540 732 602 collecto
743 539 864 602 dietum
878 542 937 602 est.

155 635 257 717 Hujus
278 633 457 700 celebrandi
485 635 548 696 duo
580 634 708 696 fuerunt
735 632 879 714 primitus
904 635 1049 715 ternpore

115 729 295 794 destinate:
312 745 427 791 eurora
441 728 497 791 illu
515 746 643 790 oesoens
658 730 689 788 et
705 745 847 807 vespera.

155 823 247 886 Unde
263 821 315 883 alii
340 824 512 884 conventus
526 819 714 897 antelucani,
726 819 779 882 olii
790 819 958 900 vespertini
974 820 1048 887 dioti

115 919 199 978 sunt.
222 915 286 978 Sed
300 915 365 976 vita
377 914 562 993 monastiea,
574 913 723 995 quaejam
738 931 757 975 e
770 913 874 991 tertio,
892 915 1003 993 quarto
1019 919 1050 978 et

116 1009 326 1090 sequentihus
338 1007 670 1086 seeulisinEoolesiem
679 1006 858 1069 introduota
867 1009 925 1084 est,
935 1006 1050 1087 quippe

116 1121 190 1184 quae
212 1121 251 1164 ex
275 1101 417 1164 instituto
438 1104 505 1163 tota
527 1101 712 1162 versabatur
729 1099 762 1160 in
776 1099 898 1162 Domini
910 1102 1050 1162 oontem-

113 1195 268 1278 platione,
282 1195 314 1255 in
327 1193 508 1274 hujusmodi
522 1192 676 1274 psallendi
691 1195 722 1254 et
737 1193 847 1254 orandi
863 1193 1050 1258 mathaeus

114 1293 181 1354 toto
199 1288 384 1350 ineumlrens
405 1287 520 1364 studio,
541 1303 612 1348 enm
626 1285 727 1366 magis
740 1287 904 1368 magisque
919 1287 1051 1366 perleoit

114 1383 194 1446 etin
208 1381 314 1444 varias
328 1382 423 1443 horas
434 1379 585 1456 distinxit,
604 1399 675 1459 quae
689 1378 769 1442 iaroe
789 1379 935 1442 canonicor
957 1379 1049 1443 diove
1090 1431 1092 1434 .

114 1480 199 1540 sunt.
223 1478 395 1555 Goeperunt
412 1473 560 1537 monaehi
586 1473 674 1535 illam
694 1476 817 1553 portem
836 1472 930 1535 officii
953 1472 1050 1535 divini

114 1590 188 1652 quae
202 1573 276 1632 ante
296 1567 369 1631 solis
386 1567 490 1632 luoem
508 1567 745 1647 persolvebatur
765 1565 797 1628 iu
818 1566 882 1628 duo
904 1569 1051 1644 tempere

112 1663 322 1744 distinguere,
338 1661 382 1724 its
396 1665 431 1723 ut
445 1680 509 1722 una
523 1678 596 1739 pars
615 1678 634 1722 a
649 1659 755 1721 medie
769 1662 872 1736 noete,
891 1659 991 1720 altera
1007 1659 1050 1722 ab

112 1773 233 1821 eurora
257 1754 498 1835 persolveretur.
527 1753 632 1816 Prima
653 1771 726 1833 pers
748 1752 833 1814 dieta
861 1755 909 1814 est
934 1759 1050 1814 nortw-

76 1867 81 1878 ’
110 1870 194 1928 num,
215 1848 309 1912 hodie
323 1867 398 1912 vero
415 1850 546 1912 vocetur
558 1848 745 1910 matutinum.
758 1845 866 1909 Altero
879 1864 953 1924 pers
967 1845 1051 1908 diota

111 1947 159 2006 est
174 1933 470 2020 matutinum'hodie
484 1959 559 2004 vero
578 1939 686 2002 laudes.
709 1939 788 2012 Ouia
807 1942 840 2001 et
861 1941 1051 2002 nocturnum

110 2037 219 2118 ipsum
246 2035 281 2098 in
304 2039 368 2097 tres
395 2037 502 2115 partes
525 2033 717 2110 distinctum,
743 2032 847 2112 prouti
869 2036 1051 2112 rumpentes

110 2129 217 2194 noetis
232 2128 366 2208 vigilios,
383 2129 424 2190 sd
438 2128 507 2191 illas
517 2131 581 2190 tres
595 2131 701 2208 partes
711 2126 934 2208 persolvendas
946 2145 1052 2190 assur-

110 2224 251 2304 gebant,
279 2221 352 2284 inde
372 2223 420 2284 est
441 2221 526 2302 quod
547 2219 643 2284 divini
666 2219 759 2282 offioii
782 2238 855 2299 pars
874 2237 945 2300 quae
966 2220 1051 2284 diota

111 2316 175 2378 fuit
182 2313 424 2391 nocturnumin
434 2313 496 2376 tria
505 2312 958 2376 noeumadistinetaestuaee
965 2315 1051 2394 apud

112 2408 312 2486 cassianum,
336 2406 389 2488 qui
412 2407 508 2470 etiam
529 2409 662 2470 testetur
682 2405 857 2484 primitivos
877 2407 1050 2470 monachos

111 2521 175 2582 pen
194 2499 281 2564 diem
295 2500 373 2564 olias
387 2503 520 2563 statutas
534 2499 628 2562 horas
647 2497 741 2560 offleii
765 2497 963 2577 persolvendi
987 2519 1049 2562 non

111 2593 276 2660 habuisse.
296 2594 551 2673 Solumtvespere
566 2593 682 2656 iterum
701 2589 931 2656 eonveniebnnt
948 2594 983 2654 ut
1002 2593 1050 2654 of·

111 2688 223 2756 ficium
238 2687 452 2768 vespertinum
464 2686 688 2766 persolverent.

155 2781 221 2846 sod
235 2781 268 2844 in
282 2780 481 2844 monasteriis
500 2779 732 2860 Mesopotamiae
752 2781 790 2842 et
802 2777 966 2842 Palestinae
984 2797 1050 2842 oce·

113 2876 234 2956 perunt
251 2873 320 2938 eliae
347 2873 433 2936 horse
464 2873 622 2937 oenonioae
645 2872 813 2952 introduci,
838 2891 908 2953 quae
936 2892 1049 2954 nempe

114 2968 200 3036 inter
223 2967 394 3032 matutinas
419 2965 528 3028 laudes
550 2969 582 3029 et
602 2983 750 3046 vesperas
775 2965 1046 3045 persolverentur:

115 3059 265 3126 videlieet
274 3061 421 3142 quaedem
432 3059 527 3123 officii
542 3057 638 3121 divini
653 3077 727 3139 pars
740 3059 949 3138 persolvenda
970 3059 1050 3123 hore

116 3154 219 3232 tertia,
242 3153 276 3216 id
299 3157 356 3232 est,
377 3152 462 3217 oiroa
481 3153 592 3215 horam
614 3169 731 3214 nonam
743 3156 816 3215 ente
827 3152 1046 3232 meridianem,

116 3248 219 3310 altere
229 3247 403 3325 moestam,
416 3265 473 3310 sen
487 3245 571 3308 eires
581 3243 757 3323 meridiem,
772 3245 871 3308 altere
880 3245 921 3308 ad
930 3265 1046 3325 moen,

116 3360 174 3404 seu
190 3341 276 3408 eirea
288 3339 400 3404 horam
412 3339 537 3404 tertiam
554 3340 627 3418 post
641 3329 818 3401 meridiem.
839 3338 915 3400 Indo
934 3343 1049 3418 preter

117 3433 320 3511 maternum,
335 3433 457 3512 hules,
479 3436 511 3498 et
526 3448 687 3510 vesperes,
705 3433 769 3494 tres
796 3431 881 3495 horre
890 3432 1049 3496 onnonloae

117 3526 274 3598 introduci
284 3530 460 3610 oeperunt.
