2514 4014
329 321 434 370 mores
455 319 607 368 senentis
628 322 710 370 runis
737 320 891 370 caucurcr.
1035 309 1071 370 al

134 463 233 528 Rom.
254 465 406 542 Pontifex,
427 463 478 525 vel
499 463 620 544 integer
641 465 838 546 episcopatus
855 483 927 526 cum
947 483 984 528 eo
1000 483 1076 527 con-

129 557 283 638 junctus,
298 558 341 619 ita
354 561 396 635 at,
409 556 514 638 quoad
528 556 668 636 regimen
683 559 848 639 singularis
861 558 1014 637 dioecesis,
1029 560 1074 620 sic

133 651 207 712 visa
223 653 276 712 est
287 650 431 729 episcopo
442 649 555 710 collata
564 651 734 722 auctoritas
747 655 782 713 ut
799 655 831 713 et
840 651 961 730 integer
971 651 1073 713 clarus

132 743 175 804 ab
192 761 237 804 ao
255 743 439 806 const‘tutus
460 741 499 802 de
517 741 571 802 illa
591 744 729 821 quodam
744 744 838 805 modo
857 743 1069 824 participaret.

131 835 202 896 Lex
214 835 314 914 igitur
328 835 508 897 dioecesana
521 852 584 894 nan
598 837 721 896 tantum
735 854 773 896 ex
790 854 854 897 una
869 836 1004 915 episcopi
1017 855 1073 898 vo·

130 927 274 1005 laniata,
297 927 353 989 sed
371 926 465 988 etiam
491 945 529 987 ex
551 927 691 988 unanimi
715 927 900 989 clericorum
919 928 1073 990 delibera·

132 1019 242 1098 tione,
258 1021 289 1082 in
303 1019 412 1101 syuodo
426 1018 596 1095 dioecesano,
612 1020 757 1084 constitui
771 1021 838 1083 visa
853 1023 909 1082 est.

176 1113 263 1174 Hinc
290 1113 406 1192 duplex
431 1130 582 1192 exurgere
612 1112 736 1174 videtur
760 1113 948 1193 principium
977 1111 1069 1193 legis,

133 1204 318 1268 universale
334 1204 462 1285 quidem
474 1205 558 1284 apud
568 1207 710 1282 Petrum,
724 1205 881 1286 singulare
894 1205 978 1285 apud
992 1205 1071 1284 epis·

135 1315 255 1378 copos3
271 1297 448 1360 universale
469 1297 554 1377 apud
571 1297 737 1377 collegium
752 1299 946 1378 episcopale,
963 1297 1071 1377 singu-

134 1387 208 1452 lare
224 1391 307 1471 apud
322 1391 489 1470 collegium
503 1390 725 1454 dioecesanum.

180 1485 235 1546 ΧΙ.
258 1486 376 1546 Praeter
394 1482 462 1544 haec
484 1483 545 1545 duo
569 1483 737 1563 principia,
759 1483 934 1546 universale
957 1501 1070 1568 nempe

139 1579 172 1637 et
187 1576 361 1656 singulare,
378 1577 467 1638 adest
479 1575 668 1655 principium
687 1575 908 1638 intermedium
919 1575 999 1656 juris
1016 1593 1071 1636 cu-

134 1667 266 1748 jusdam
285 1666 497 1750 particulatas,
524 1668 608 1748 quod
638 1668 797 1748 egreditur
821 1671 926 1728 tamen
955 1667 1069 1728 limitas

138 1761 233 1824 unius
257 1761 438 1824 dioeceseos.
471 1763 573 1834 Quum
598 1761 682 1822 enim
708 1759 909 1822 incommoda
933 1759 1001 1820 visa
1030 1759 1070 1821 sit

138 1872 179 1914 aa
200 1853 361 1934 regiminis
384 1853 479 1931 ratic,
499 1872 562 1934 qua
579 1854 708 1916 deberet
727 1873 808 1915 unus
825 1856 911 1932 Papa
929 1852 1068 1932 singulo·
1113 1887 1119 1898 ·

137 1961 210 2008 rum
230 1947 449 2027 episcoporum
469 1947 601 2026 gestioni
620 1966 678 2027 per
696 1965 729 2008 se
750 1945 929 2008 immediate
949 1944 1067 2025 advigi-

136 2037 223 2118 lare,
244 2039 362 2102 institui
386 2043 556 2120 coeperunt
574 2040 774 2119 magistratus
799 2037 990 2115 intermedii,
1011 2037 1065 2118 qui

136 2135 327 2212 potestatem
345 2133 505 2213 papalem,
526 2152 583 2213 pro
605 2133 732 2196 modulo
750 2149 821 2211 suo,
838 2134 1066 2212 repraesentan-

17 2219 19 2250 ³
135 2229 199 2304 tas,
230 2225 372 2286 infimum
388 2224 607 2305 ,episcopatum
626 2244 699 2287 cum
719 2225 902 2306 pontificatu
927 2223 1063 2285 maximo

18 2359 20 2370 ·
136 2317 334 2398 colligarunt.
361 2319 424 2396 lta,
447 2321 519 2398 post
539 2318 675 2398 primam
696 2317 872 2380 dioeceseon
894 2316 1064 2379 distinctio-

133 2427 220 2489 nem,
233 2410 457 2474 acclesiasticas
471 2411 648 2490 provincias
659 2410 820 2472 distinctas
836 2429 902 2472 esse
915 2407 1060 2486 vidimus,

134 2521 307 2584 omnesque
322 2503 483 2581 dioecaseS,
499 2503 531 2565 in
546 2503 695 2583 singulari
710 2502 873 2584 provincie
887 2505 1059 2578 contentas,

132 2595 230 2658 fuisse
242 2596 295 2658 uni
308 2595 464 2679 subjectas
477 2596 635 2659 cathedrae
652 2595 816 2676 principali
831 2614 886 2656 seu
901 2595 967 2656 sedi
984 2593 1062 2674 epia-

133 2689 236 2769 copali
249 2690 383 2770 propriae
396 2689 576 2770 provinciae.
588 2689 678 2753 Unde
689 2689 748 2752 orti
761 2691 835 2750 sunt
845 2687 1064 2768 metropolitani

16 2787 18 2826 s
131 2785 284 2863 tanquam
307 2782 457 2862 praesides
481 2783 622 2844 omnium
643 2781 861 2862 episcoporum
878 2780 1057 2860 provinciae,

132 2875 186 2956 qui
200 2876 233 2937 in
247 2873 315 2957 ejus
330 2876 564 2955 comparatione
575 2875 648 2936 dicti
659 2876 740 2936 sund
754 2874 944 2955 suffraganei.

170 2969 236 3030 Xll.
261 2969 332 3030 Pari
351 2970 461 3046 modo,
483 2973 514 3030 et
534 2969 640 3047 plures
654 2966 822 3046 provinciae
843 2965 1058 3028 ecclesiastica

130 3060 188 3123 suh
203 3079 267 3124 una
278 3061 442 3141 principali
458 3055 609 3123 cathedra
624 3063 697 3122 sunt
709 3061 885 3122 const'tutea
895 3105 903 3135 ,
915 3058 1065 3140 uideliceta
1146 3099 1149 3103 -

129 3153 188 3216 sub
202 3153 277 3216 sede
291 3153 346 3216 ille
360 3172 441 3236 quaa,
458 3155 490 3214 in
505 3154 583 3214 urbe
593 3152 727 3215 nationis
742 3151 882 3231 principe
896 3152 947 3214 vel
956 3151 1056 3232 regni,

129 3246 238 3310 luisset
252 3248 430 3314 constituta.
448 3248 537 3309 Unda
559 3251 629 3310 crta
647 3250 694 3306 est
712 3245 846 3324 dignitas
862 3263 932 3325 quae
944 3247 1059 3326 primo·
1146 3299 1153 3312 ,

131 3347 175 3401 los
190 3339 316 3403 nomine
332 3341 417 3418 apud
428 3341 566 3418 Latinos,
580 3338 754 3400 coarctatus
763 3356 838 3398 vero
852 3338 935 3418 apud
950 3339 1059 3400 Orien-

130 3433 206 3494 tales
220 3433 426 3514 significatur,
444 3451 507 3513 qua
522 3432 574 3511 qui
591 3429 729 3510 insigniti
744 3431 890 3506 existunt,
906 3434 1057 3510 tanquam

131 3527 285 3614 principes
298 3526 517 3608 episcoporum
528 3523 624 3588 totius
638 3523 772 3586 nationis
787 3522 980 3604 reputantur.
