2514 4014
190 261 228 319 'll
398 271 627 320 rnsrrmrronns
647 269 730 318 rums
752 267 906 316 canorum.

229 415 307 476 Alie
318 417 415 494 poetoe
428 415 469 474 ad
482 414 660 493 exemplum
671 411 843 492 publicum.

229 507 342 568 Prima
366 506 391 567 si
419 507 632 583 remittantur,
658 506 805 569 dicuntur
828 506 1002 585 indulgeri,
1035 509 1120 569 unde

189 599 313 660 illarum
340 599 480 660 remissio
508 600 683 678 appellatur
706 599 898 679 indulgentia.
921 601 1074 661 Secundae
1094 602 1121 662 si

189 692 355 769 tollantur,
377 692 524 753 dicuntur
542 692 676 769 absolvi,
700 692 783 753 unde
798 693 923 753 illarum
946 693 1119 771 relaxatio,

188 784 328 847 absolutio
343 789 551 862 nuncupatur.
562 785 674 845 Tertiae
687 785 712 845 si
725 785 884 862 tollantur,
900 785 1046 847 dicuntur
1058 787 1122 847 dis-

189 877 329 956 pensari,
345 877 428 939 unde
445 877 568 938 illarum
583 877 726 954 cessatio,
741 877 915 957 dispensatio
928 878 1052 955 dicitnr,
1067 880 1120 940 vel

189 970 221 1030 in
234 970 400 1049 pristinum
415 973 530 1030 statum
546 970 711 1056 restitutio.

229 1063 291 1124 Sed
309 1063 404 1124 variae
424 1066 594 1123 nascuntur
608 1063 727 1140 species
740 1063 805 1123 sive
824 1064 1026 1142 poenitentiae,
1050 1065 1118 1125 sive

189 1173 340 1232 censnrae,
356 1155 420 1215 sive
435 1171 548 1232 poena,
566 1155 591 1215 si
602 1155 726 1216 illarum
736 1155 951 1218 consideretur
960 1156 1115 1236 objectam,

188 1247 213 1306 si
228 1247 348 1326 gradus,
363 1247 388 1308 si
402 1247 513 1324 modus,
530 1267 591 1327 quo
606 1249 800 1327 infliguntur.

356 1398 400 1452 §ll.
410 1410 441 1442 DE
449 1409 579 1440 rossano!
594 1409 820 1442 sccnesnsmcsaun
832 1411 941 1444 omnem.

228 1525 265 1586 V.
285 1521 450 1604 Objectum
462 1541 629 1603 poenarum
650 1524 948 1601 ecclesiasticarum,
969 1526 995 1586 si
1015 1527 1119 1605 poeni-

188 1617 302 1679 tentias
312 1617 513 1695 excipiamus,
530 1632 600 1696 qnae
613 1615 782 1696 aliquando
792 1617 824 1676 in
841 1618 923 1678 facto
938 1620 1118 1696 praestando

188 1713 319 1790 possunt
338 1711 522 1787 consistere,
547 1709 721 1788 generatim
748 1710 905 1790 loquendo
924 1712 1064 1773 consistit
1086 1713 1119 1772 in

189 1802 364 1882 privatione
372 1821 428 1862 seu
438 1803 644 1862 diminutione
651 1801 771 1882 jurium
786 1803 1013 1864 communionis
1023 1805 1119 1866 chris-

190 1895 299 1967 tianae;
316 1894 400 1954 unde
413 1893 581 1973 antiquitas
601 1895 904 1958 enodamuuicutiont's
920 1916 1035 1958 nomen
1055 1899 1120 1958 cui-

188 1986 266 2046 libet
295 1986 409 2064 speoiei
438 2005 604 2066 poenarum
631 1988 914 2051 ecclesiasticarum
940 1995 1120 2070 competere

189 2079 366 2140 videbatur.

229 2173 246 2233 J
249 2189 300 2232 am
314 2189 389 2234 vero
399 2173 577 2234 communio
586 2173 756 2236 christiana
764 2174 880 2254 duplex
892 2175 1094 2256 distinguitur
1109 2197 1116 2241 :

190 2263 335 2342 aliaque
352 2266 506 2343 generalis
520 2271 576 2344 est,
589 2285 701 2346 nempe
717 2267 793 2328 loica
807 2271 977 2346 communio,
992 2272 1120 2350 propria

190 2356 401 2436 quorumlibet
418 2357 675 2434 christianorum
691 2360 753 2422 alia
766 2379 841 2422 vero
855 2364 1032 2424 communio
1048 2382 1120 2443 spe-·

181 2449 286 2526 ciuilia,
303 2449 488 2512 clericorum
503 2454 641 2532 propria,
658 2472 771 2532 nempe
788 2455 930 2516 clericalis
943 2459 1114 2520 communio.

189 2542 323 2604 Proinde
337 2543 510 2604 secundum
519 2546 603 2624 qnod
612 2547 719 2608 thema
728 2548 911 2626 privationis
919 2549 981 2610 sint
988 2551 1038 2610 vel
1042 2551 1117 2631 jura

189 2636 313 2696 laicalia
338 2637 387 2697 vel
408 2637 483 2717 jura
506 2637 672 2716 clericalia,
697 2640 742 2701 ita
769 2644 800 2701 et
823 2643 1115 2721 excommunicatio,

188 2745 244 2788 seu
257 2747 352 2807 poena
364 2728 456 2808 hujus
471 2730 664 2810 privationis,
678 2732 825 2812 distingui
841 2739 954 2812 potest.

230 2821 292 2880 Sed
306 2821 380 2900 jura
398 2823 626 2884 communionis
651 2825 716 2886 sive
737 2825 855 2887 laicalis
877 2827 942 2889 sive
966 2829 1117 2890 clericalis

190 2911 320 2975 diversis
335 2913 436 2975 modis
455 2915 586 2977 diminui
604 2922 743 2996 possunt.
768 2921 846 2980 Nam
862 2925 991 2998 possunt
1004 2923 1115 2999 minui,

189 3008 239 3070 vel
260 3007 410 3068 radicitus
431 3008 463 3067 in
490 3027 523 3068 se
545 3010 611 3070 tolli
629 3011 697 3089 ipsa
709 3012 793 3092 jura,
818 3015 868 3074 vel
896 3016 1000 3094 quoad
1024 3035 1117 3076 suum

190 3101 390 3178 exercitium,
410 3101 455 3162 ita
477 3105 522 3178 ut,
541 3101 665 3182 juribus
687 3106 900 3184 manentihuS,
928 3126 1037 3168 eorum
1060 3127 1117 3168 au-

189 3192 331 3255 ferantur
355 3196 493 3256 effectus.
520 3198 659 3275 Utroque
690 3199 748 3259 sub
776 3203 921 3278 respectu
939 3201 1114 3262 imminutio

185 3283 304 3363 jurium
328 3287 377 3346 vel
405 3288 503 3368 totalis
531 3289 581 3349 vel
605 3291 747 3369 portentis
766 3311 833 3354 esse
862 3297 983 3370 potest,
1010 3293 1113 3373 prouti

189 3376 293 3437 omnia
304 3377 377 3457 jura
391 3380 542 3442 tolluntur
555 3383 604 3443 vel
618 3387 740 3446 tantum
757 3386 990 3464 suspenduntur
1010 3389 1115 3466 quoad

188 3487 280 3534 suom
292 3470 483 3534 exercitium.
