2484 4016
205 317 263 378 312
417 329 646 379 msrmurrouus
667 330 749 378 runis
772 327 925 376 canonici.

207 475 378 556 quamdam
387 475 484 537 vitam
492 473 628 536 activam
636 475 794 550 curarent,
804 472 882 534 alios
891 470 987 532 fldem
997 467 1140 530 docendo

207 573 238 631 et
249 569 378 630 caritate
393 567 631 629 inflammando.

246 663 298 723 111.
315 665 463 723 Attamen
475 661 549 722 licet
563 661 630 722 haee
643 659 775 738 epocha,
782 658 956 738 generatim
965 657 1139 736 loquendo,

207 773 274 816 sese
297 754 476 834 negativam
500 753 714 834 potiusquam
735 752 901 831 positivam
925 750 1090 828 exhibeat,
1115 749 1141 811 si

207 849 311 928 placet
325 865 430 908 rerum
452 845 589 925 origines
603 864 763 921 remeare,
788 845 938 906 nonnulla
951 848 1075 905 remota
1092 863 1142 904 se-

206 942 292 1002 mina
305 957 471 1020 possumus
481 939 630 1018 reperire,
639 956 709 1018 quae
719 936 1141 1017 regulariuminstitutorum

208 1034 443 1096 succedentium
456 1031 643 1099 saeculorum
651 1035 801 1110 tanquam
811 1030 957 1109 quadam
970 1029 1061 1091 initia
1068 1048 1142 1090 con-

208 1127 352 1189 stituunt.
375 1125 534 1186 Habemus
562 1124 646 1184 enim
677 1127 708 1185 et
731 1123 763 1184 in
787 1123 846 1183 hac
869 1122 971 1201 prima
991 1123 1141 1201 periodo,

208 1219 354 1300 quaedam
372 1218 543 1296 peculiaria
563 1217 705 1279 instituta
718 1221 749 1278 et
762 1217 946 1279 voluntariae
961 1215 1142 1295 paupertati

208 1311 367 1388 colenda,
385 1311 435 1371 vel
454 1310 591 1390 propriae
606 1309 809 1389 abnegationi
821 1313 852 1371 et
865 1309 1040 1371 voluntario
1057 1309 1144 1370 oaeli-

207 1406 296 1468 batui
309 1403 557 1466 accommodata.

248 1499 310 1575 Sic,
327 1518 357 1560 v.
381 1516 426 1576 g.‚
448 1496 625 1559 institutum
639 1496 716 1558 illud
735 1495 909 1558 communis
924 1497 996 1558 vitae
1018 1496 1058 1556 de
1078 1513 1141 1576 quo

205 1591 396 1652 mentionem
408 1589 525 1650 faciunt
534 1593 631 1651 Actus
643 1589 806 1668 apostolici
818 1591 870 1666 IV,
882 1591 922 1650 30
935 1593 967 1650 et
981 1608 1064 1669 seq.,
1078 1607 1141 1669 quo

207 1683 414 1746 multitudinis
428 1681 569 1742 fidelium
583 1686 651 1743 erat
666 1701 720 1744 cor
735 1701 833 1743 uuum
847 1686 878 1744 et
897 1682 1003 1743 anima
1017 1701 1099 1756 una;
1117 1681 1142 1742 si

208 1777 375 1857 quisquam
390 1792 460 1855 quae
474 1775 654 1854 possidebat
669 1794 733 1837 nou
745 1794 837 1836 suum
852 1793 919 1836 esse
933 1774 1070 1852 dicebat,
1086 1774 1142 1836 sed
1221 1846 1224 1852 ,

208 1873 300 1932 erant
328 1869 433 1931 omnia
457 1867 651 1945 communia,
673 1873 741 1929 erat
754 1868 939 1930 voluntariae
962 1866 1143 1946 paupertati
1190 1933 1194 1944 ,
1226 1919 1227 1946 ,

207 1961 336 2041 speciali
351 1961 446 2023 modo
460 1962 742 2024 accommodatum.
761 1961 812 2024 Sic
822 1961 950 2041 spiritus
960 1960 1144 2039 abnegatio-

207 2055 256 2116 nis
269 2054 397 2134 speciali
411 2054 506 2116 modo
519 2054 646 2116 fovebat
658 2054 835 2116 institutum
858 2053 988 2131 ascesis,
1005 2072 1061 2115 seu
1081 2054 1143 2134 piae

208 2147 438 2208 exercitationis
449 2146 499 2208 cui
514 2146 657 2209 homines
669 2146 797 2224 addicti,
810 2146 960 2224 simares,
970 2153 1091 2224 mcetoe,
1116 2146 1142 2208 si

207 2240 344 2316 feminae,
371 2239 523 2300 creatrices
543 2239 738 2302 dicebantur.
771 2240 934 2319 Siquidem
958 2239 1143 2320 hujusmodi

208 2336 320 2394 ascetae
329 2334 361 2392 et
370 2331 537 2393 ascetrices
548 2332 988 2412 singularemchristianorum
996 2333 1142 2394 ordinem

207 2423 391 2488 instituebat
420 2425 480 2505 piae
504 2425 750 2504 exercitationis,
785 2444 899 2505 nempe
922 2426 1137 2505 poenitentiae,

207 2519 310 2581 carnis
330 2517 534 2582 macerationi
557 2522 588 2581 et
609 2520 797 2582 omnimodae
826 2519 1057 2583 mortificationi
1084 2520 1142 2582 ad-

208 2613 337 2674 dietum.

246 2704 335 2768 Unde
346 2705 378 2766 in
386 2705 563 2767 Canonibus
572 2705 795 2784 Apostolorum
806 2705 949 2766 videmus
957 2704 1139 2786 hujusmodi

207 2802 327 2860 ascetae
341 2797 461 2860 caeteris
475 2797 562 2859 laicis
576 2798 741 2876 praelatos,
766 2798 810 2859 ita
824 2802 859 2861 ut
872 2798 1053 2861 immediate
1069 2802 1140 2879 post

206 2889 1140 2955 elerumcommunicarent.Sieeratvoluntariocaelibatuiet

206 2985 301 3048 etiam
314 2983 483 3064 virginitati
496 2983 768 3046 accommodatum
782 2984 959 3046 institutum
979 2985 1138 3065 virginum

206 3095 380 3155 sacrarum,
394 3077 510 3157 quoda
527 3077 636 3156 primis
649 3077 696 3138 rei
716 3076 893 3139 christiana
915 3077 1038 3140 saeculis
1058 3079 1140 3141 obti-

205 3171 284 3248 nuit,
301 3174 332 3232 et
346 3169 460 3231 deinde
474 3170 515 3231 ad
528 3169 640 3231 viduas
654 3170 843 3249 perductum
859 3174 916 3233 est.

247 3266 301 3324 Hae
323 3263 461 3343 virgines
485 3279 582 3324 sacrae
598 3266 688 3325 erant
701 3263 839 3344 virgines
858 3263 1037 3326 christianae
1066 3281 1138 3345 quae

206 3356 418 3436 virginitatem
430 3376 520 3418 suam
532 3357 563 3416 in
576 3375 689 3418 manus
701 3357 921 3437 episcoporum
932 3362 962 3419 et
977 3358 1138 3437 presbyte-
1224 3381 1225 3428 3

205 3467 312 3509 rorum
331 3449 454 3526 publice
470 3450 713 3528 profitebantur,
735 3455 766 3512 et
780 3451 948 3530 aliquando
963 3451 995 3510 in
1007 3451 1137 3530 virgini·

205 3539 277 3610 tatis
291 3539 449 3618 proposito
463 3542 602 3620 probatae
618 3545 770 3628 tauquam
791 3543 912 3607 christo
928 3547 1033 3627 nupta
1049 3545 1136 3616 vela·
1224 3531 1225 3597 i
