2514 4014
161 283 181 345 8
370 295 600 346 memrorronns
619 295 702 344 sums
722 293 877 344 oenomai.

161 456 283 516 sensus,
300 440 425 520 oportet
438 455 522 501 nunc
542 438 632 502 udus
645 436 851 502 fflsfincfioms
865 437 1020 500 rationem
1038 435 1095 499 de·

163 529 306 594 clarere:

204 625 235 685 {⁰
255 621 316 684 Alii
338 622 384 686 ita
398 622 604 702 distinguunt.
618 624 676 685 Jns
698 622 859 704 publicum
870 622 926 685 dat
943 621 1047 683 officia
1059 625 1096 684 et

160 716 234 797 jura
252 713 511 794 magistratuum
535 713 587 795 jus
599 714 758 795 privatum
778 715 833 778 dat
844 714 919 795 jura
941 717 974 777 et
987 713 1095 776 officia

163 805 285 887 populi.
312 807 429 868 Verum
454 807 523 869 lraeo
550 806 707 870 distinctio
731 825 820 868 mera
842 805 993 888 antilogia
1019 808 1092 879 est·;

163 898 308 979 princeps
332 898 417 959 enim
438 898 623 961 relationem
645 899 721 962 dicit
746 899 788 960 ad
817 899 984 979 populum3
1013 916 1091 978 ergo

163 990 296 1054 seorsim
308 990 500 1053 considerari
514 994 683 1072 nequeunt.
699 993 832 1071 Insuper
841 991 916 1072 jura
926 994 999 1054 sunt
1010 991 1093 1052 rela-

162 1083 279 1146 tivaad
291 1082 405 1160 officia,
422 1086 453 1144 et
464 1083 596 1162 proinde
609 1083 663 1164 jus
677 1083 784 1165 populi
798 1083 973 1163 spectaturi
986 1082 1093 1145 officia

162 1174 322 1256 principis,
337 1177 369 1238 et
391 1174 461 1238 vice
472 1193 573 1237 verse.
593 1177 715 1256 Ergo...
730 1194 793 1238 non
816 1175 917 1256 magis
936 1176 1092 1238 absonum

163 1269 245 1329 esset
254 1285 350 1328 unam
362 1266 525 1330 scientiam
537 1268 746 1330 anatomicam
759 1269 879 1349 fingere
892 1285 962 1348 quae
972 1269 1012 1330 de
1021 1267 1091 1330 solo

162 1357 265 1438 capite
286 1361 455 1436 tractaret,
482 1359 578 1420 aliam
592 1360 631 1421 de
654 1360 806 1438 brachiis,
828 1360 923 1422 aliam
939 1360 979 1422 de
1000 1358 1093 1439 pedi-

161 1449 232 1528 bus,
247 1453 320 1528 eto.,
338 1449 424 1511 nulla
437 1451 512 1514 data
526 1450 565 1513 de
577 1469 708 1531 corpore
720 1452 841 1532 integre
855 1455 1006 1531 spectato.

201 1546 234 1607 2⁰.
253 1541 314 1604 Alii
326 1541 434 1605 datam
446 1542 679 1606 distinctionem
691 1543 959 1624 sioexplicant.1n
973 1543 1087 1620 ethica,

162 1634 370 1698 determinato
401 1639 555 1717 conceptu
589 1636 794 1714 moralitatis,
819 1635 906 1718 jura,
922 1640 955 1697 et
987 1634 1092 1696 officia

161 1725 270 1790 omnia
281 1727 530 1790 determinantur
543 1728 743 1808 procedendo
753 1747 774 1790 a
785 1727 853 1791 cive
872 1727 923 1791 vel
935 1727 1086 1808 principe.

161 1821 309 1882 Econtra
318 1817 571 1899 injurepublico,
580 1819 787 1884 determinata
801 1821 961 1900 regiminis
975 1820 1087 1896 forma,

162 1909 411 1972 determinantur
420 1910 495 1990 jura
515 1915 547 1974 et
570 1912 674 1974 officia
693 1913 895 1993 magistratus
917 1915 949 1974 et
967 1912 1086 1991 populi.

163 2002 237 2080 Sed,
253 2001 314 2064 hoc
328 2019 492 2081 concesso,
507 2004 708 2066 determinari
730 2004 817 2066 haud
844 2008 947 2084 potest
969 2004 1002 2064 in
1029 2003 1089 2064 hac

162 2093 318 2156 sententia
335 2095 496 2175 quodnam
514 2095 556 2159 sit
569 2096 727 2178 objectum
737 2097 817 2178 juris
838 2095 991 2160 canonici.
1009 2097 1089 2156 Nam

162 2186 263 2266 ajuro
278 2186 428 2249 canonico
451 2190 645 2251 secernenda
659 2193 740 2252 esset
761 2189 1002 2269 magistratuum
1014 2188 1089 2250 doo-

161 2277 254 2355 trina,
266 2278 507 2357 magistratuum
516 2284 758 2358 sacramentum,
765 2282 913 2360 generale
927 2280 1089 2360 negotium

162 2368 451 2450 administrationis,
468 2391 539 2454 quae
553 2374 660 2436 omnia
673 2373 765 2436 fateri
782 2373 898 2434 debent
912 2372 1006 2452 hujus
1020 2391 1089 2434 sen·

160 2461 267 2524 teniiae
277 2461 415 2526 fautores
426 2463 468 2526 ad
481 2465 642 2546 publicum
648 2466 701 2547 jus
711 2465 878 2545 pertinere.
895 2465 962 2525 Hoc
974 2464 1086 2543 posito,

162 2551 238 2632 quid
251 2559 429 2619 remaneret
438 2555 502 2637 juri
515 2559 664 2620 canonico
688 2558 740 2619 rel
753 2556 898 2637 privato?
914 2556 1008 2633 Nihil,
1028 2554 1088 2618 nisi

161 2643 314 2707 disserere
329 2645 369 2708 de
391 2648 537 2711 Ecclesiae
563 2649 739 2731 praeceptis,
762 2668 793 2710 v.
810 2667 855 2728 g.‚
872 2647 911 2709 de
933 2647 1090 2710 audienda

160 2736 266 2814 missa,
283 2739 343 2802 eto.
359 2740 454 2820 Atqui
469 2740 658 2805 haecomnia
672 2743 714 2803 ed
735 2741 872 2803 ethicam
886 2739 1088 2826 christianam

160 2831 314 2907 spectant.
341 2831 424 2910 Ergo
445 2830 478 2893 iu
494 2834 583 2914 praxi
610 2852 674 2897 non
699 2832 836 2895 retinent
856 2831 1086 2894 distinctionem

156 2917 237 3000 juris
257 2920 370 3001 privati
392 2922 498 3004 ajuro
517 2925 654 3006 publico,
667 2925 721 2988 illo
747 2924 815 3004 ipso
837 2927 996 2987 momento
1024 2941 1086 3004 quo

160 3029 231 3073 eam
241 3012 403 3077 adstruere
420 3022 584 3082 conantur.

197 3107 230 3167 3ο
250 3105 310 3168 Alii
314 3105 427 3187 ,juxta
441 3109 500 3173 hoe
519 3112 685 3177 iustiniani
701 3115 788 3198 (pare
804 3107 933 3186 ultima,
950 3108 989 3169 de
1004 3109 1084 3170 Just

159 3198 191 3257 a
205 3197 298 3275 rure,
318 3198 365 3262 cr
389 3200 443 3279 n:
465 3202 588 3285 «hujus
608 3200 952 3290 acaemetensium
976 3199 1085 3278 civilis)

159 3287 230 3350 duae
243 3294 316 3352 sunt
329 3292 509 3373 positiones
522 3297 935 3386 publicumetprivatumt,
899 3291 1086 3354 1111111111
1178 3287 1180 3292 ’

157 3380 199 3442 ad
212 3382 330 3444 statum
343 3384 389 3447 rei
405 3404 544 3452 romanae
565 3393 710 3473 pertinet,
720 3395 875 3475 privatum
890 3397 932 3459 ad
946 3384 1027 3483 sing.
1002 3383 1085 3447 '¹11⁰‘

156 3490 228 3535 rum
242 3473 447 3556 utilitatem»
467 3483 668 3565 astruuntjus
682 3487 842 3566 publicum
853 3426 1014 3568 ccclesia?
1013 3494 1085 3566 esse'
