2546 4016
344 297 452 346 rorum
476 297 628 345 serenus
648 299 731 347 rums
754 301 909 351 cincun.
1053 296 1092 358 93

147 446 326 524 paraturis,
351 445 383 504 in
408 444 482 504 sede
506 445 843 525 constantinopolitana
867 449 1005 513 intrusus
1031 459 1088 516 est.

147 541 193 599 ht
221 539 292 599 licet
313 539 354 599 ab
379 557 417 597 ea
444 537 562 598 Nicolai
588 539 610 598 li
644 540 776 600 Romani
802 542 961 605 Pontificis
994 564 1091 625 opera

146 631 248 692 fuerit
263 631 436 710 depositus,
454 634 560 691 tamen
579 631 692 692 iterum
714 651 785 692 eam
802 635 901 696 voluit
915 654 1088 718 occupare,

146 729 183 786 et
208 724 252 786 sic
277 725 444 803 antiquum
464 722 601 784 schisma
620 725 766 786 Ecclesiae
788 745 900 805 graecae
920 730 979 792 fuit
997 733 1090 795 ahso-

144 818 265 880 lutum.
303 861 304 864 ,

191 911 250 971 Hic
267 911 363 971 etiam
383 912 414 970 et
428 928 518 969 suam
537 909 611 970 fecit
628 910 855 989 collectionem,
871 913 901 973 in
918 934 981 994 qua
993 917 1088 980 etiam

145 1004 310 1065 recensuit
335 1004 405 1081 plus
429 1002 572 1063 minusve
594 997 783 1065 documenta
801 1006 965 1082 Trullcnc3
992 1009 1089 1073 habet

146 1098 246 1158 etiam
261 1115 400 1157 canones
414 1096 494 1157 latos
506 1115 526 1155 a
544 1095 787 1175 pseudosynodo
811 1102 1088 1182 constantinopoli·

145 1195 224 1252 tana
237 1194 349 1251 contra
366 1188 538 1268 ignatium
556 1191 587 1249 et
606 1189 650 1248 ad'
664 1189 870 1252 imitationem
899 1213 1087 1258 nomocano·

145 1303 236 1361 num,
261 1302 319 1343 seu
336 1281 377 1342 ad
401 1281 579 1360 exemplum
601 1281 731 1342 Jcannis
749 1284 955 1364 Antiocheni,
971 1293 1086 1368 praeter

144 1380 354 1438 monumenta
375 1374 604 1451 ecclesiastica,
620 1375 739 1453 recepit
755 1376 850 1438 etiam
868 1379 954 1459 leges
970 1381 1084 1444 ccivili

146 1472 305 1549 potestate
320 1469 412 1529 latas,

298 1621 350 1674 311.
365 1629 396 1662 nn
409 1629 593 1662 messurianum
607 1629 750 1664 cammunti
764 1631 937 1667 iumonrrnrx.

188 1747 254 1811 Vll.
279 1747 367 1808 Licet
381 1745 518 1806 maxima
532 1744 625 1805 fuerit
644 1745 812 1830 sedulitas,
828 1746 983 1807 maximus
998 1747 1082 1809 zelus

146 1846 291 1904 velerum
313 1839 487 1900 antist‘tum
506 1855 682 1916 greacorum
704 1837 735 1896 in
754 1838 937 1918 colligendis
953 1841 1082 1902 canoni-

146 1937 207 1996 bus
223 1931 459 2008 ecclesiasticis,
479 1930 696 2009 maximusque
709 1931 823 1992 horum
835 1933 979 1994 codicum
996 1953 1081 2012 usus,

146 2027 239 2090 fateri
253 2029 362 2088 tamen
378 2023 540 2100 dehemus²
555 2021 709 2083 antistites
725 2024 819 2102 graeci
826 2025 893 2104 jam
907 2029 982 2088 tunc
994 2046 1013 2089 a
1027 2046 1083 2090 sae·

148 2123 220 2184 culo
231 2123 258 2182 V
268 2119 302 2179 in
316 2117 453 2178 schisma
464 2115 618 2195 proclives
629 2133 662 2174 se
676 2115 850 2194 praebuere,
863 2121 897 2180 ut
909 2118 1083 2181 factumest

147 2215 206 2276 suh
224 2210 390 2286 Anatolio,
410 2208 557 2287 episcopo
577 2208 932 2287 constantinopolitano,
955 2212 1081 2290 quando

148 2325 304 2386 usurpare
322 2303 419 2382 coepit
433 2302 603 2380 primatum
617 2301 648 2360 in
663 2301 821 2376 Ecclesia;
835 2303 971 2365 vidimus
985 2323 1081 2382 syno-

146 2405 223 2464 dum
238 2399 420 2460 Trullanam
433 2394 569 2456 schisma
584 2392 709 2470 fovisse,
728 2396 813 2474 quod
830 2396 958 2458 demum
975 2397 1007 2456 in
1028 2417 1078 2475 sy-

148 2495 231 2558 nodo
247 2490 401 2554 Photiana
415 2488 604 2567 completum
620 2489 666 2547 est
680 2491 711 2548 et
722 2488 909 2556 ahsolutum.

188 2591 323 2650 Gravem
338 2583 433 2663 igitur
448 2579 654 2659 corruptionis
668 2579 876 2659 suspicionem
891 2583 1014 2644 codices
1023 2601 1076 2644 oc-

146 2700 265 2744 nonum
280 2679 312 2739 in
327 2677 412 2738 hisce
426 2671 605 2754 regionibus
623 2674 765 2751 confecti,
782 2675 934 2753 praebent.
952 2678 976 2736 ll
992 2676 1075 2736 enim

143 2778 210 2856 jam
229 2775 270 2834 ah
292 2771 414 2832 actione
432 2769 514 2830 XVII
531 2767 652 2827 concilii
668 2767 929 2830 Chalcedonensis
946 2769 1075 2831 notabat

145 2870 269 2950 legatus
284 2863 416 2925 Romani
430 2860 587 2922 Pontificis
608 2878 704 2938 penes
721 2862 900 2923 Graecorum
918 2863 1073 2942 exempla-

144 2963 201 3039 ria,
213 2959 437 3037 interpolatum
447 2953 570 3034 jamdiu
584 2953 679 3013 fuisse
695 2972 847 3015 canonem
861 2957 938 3018 vpm
951 2955 1072 3016 concilii

145 3052 314 3129 Nicaeni‚in
330 3068 392 3130 quo
408 3048 482 3129 jura
490 3045 720 3125 patriarchatus
731 3047 969 3129 definiebantur.
984 3047 1072 3119 Quod

143 3148 168 3208 si
182 3165 258 3209 vero
273 3143 347 3204 huic
361 3140 474 3203 rationi
490 3142 522 3199 et
536 3139 630 3200 aliam
643 3139 827 3218 adjiciamus
842 3141 1010 3219 specialem
1020 3141 1072 3202 de-

144 3243 302 3318 sumptam
310 3256 348 3297 ex
356 3235 460 3296 animo
476 3233 634 3294 variorum
651 3233 864 3310 collectorum,
877 3233 1070 3298 inveniemus

142 3333 376 3395 'lheodcrcturn
397 3329 621 3406 Cyrenensem,
641 3325 795 3386 fautorem
813 3326 940 3388 haeresis
961 3331 1071 3390 Nesto-

143 3427 249 3503 rianae,
268 3427 424 3488 loannem
438 3419 668 3481 Antiochenum
685 3419 881 3498 etPhotium‚
900 3424 1068 3501 utrumque

144 3520 320 3586 invasorem
332 3516 414 3578 sedis
429 3511 789 3591 Constantinopolitanae,
804 3514 855 3594 qui
872 3515 964 3575 ambo
981 3513 1067 3596 leges
