2512 4012
352 349 356 356 .
378 309 418 356 nn
439 308 567 356 enuere
587 310 670 356 suns
692 308 859 357 cenoman.
1016 297 1074 358 257

144 453 379 536 quodammodo
389 454 565 516 absolutam
570 454 832 536 jurisdictionem,
840 472 936 534 quam
946 457 1075 517 ooetero·

145 547 220 628 quin
239 565 387 608 exercere
411 550 526 626 posset.
549 547 612 609 Sed
630 549 829 626 pontificatus
849 548 1014 626 maximus,
1038 567 1075 610 eo

143 640 210 720 ipso
227 641 313 721 quod
325 640 358 701 in
378 641 488 702 ordine
502 659 558 701 suo
578 659 743 721 supremus
755 644 812 718 est,
829 639 911 702 hanc
926 641 1006 722 juris
1025 660 1076 703 ec-

143 733 308 796 clesiastici
323 733 617 794 determinationem
632 734 772 813 recipere
786 752 850 794 non
860 737 972 812 potest,
989 735 1076 796 ideo·

145 846 204 907 que
220 829 325 906 potest
338 825 464 906 quidem
475 829 564 887 Rom.
574 827 715 887 Pontifex
726 825 889 886 consilium
901 831 956 888 aut
967 830 1076 890 votum

144 920 267 1000 collegii
280 919 486 980 cardinalium
502 922 658 998 expetere,
681 937 792 980 verum
813 937 872 980 nee
893 920 1001 980 audire
1018 939 1076 983 nec

143 1014 231 1094 sequi
244 1015 380 1074 tenetur.

182 1106 216 1168 Si
231 1124 308 1168 vero
320 1125 424 1168 sermo
451 1107 491 1167 sit
505 1107 543 1166 dc
559 1106 633 1166 sede
648 1109 797 1183 vacante,
822 1105 930 1185 nequit
953 1106 1074 1170 admitt'

143 1199 228 1282 quod
244 1199 277 1259 in
303 1200 470 1278 collegium
492 1199 699 1261 cardinalium
720 1199 904 1261 devolvatur
918 1200 1077 1262 ordinaria

142 1296 230 1356 Sum.
256 1285 415 1353 'Pontificio
436 1292 630 1372 jurisdictio,
654 1311 717 1353 non
738 1311 828 1353 secus
845 1311 882 1352 ao
900 1292 1077 1355 devolvitur

141 1385 375 1448 ordinariorum
399 1379 618 1463 episcoporum
638 1384 815 1466 jurisdictio
842 1385 875 1445 in
903 1385 1075 1465 capitulum

132 1478 333 1560 cathedrale.

179 1571 247 1634 Sed
273 1571 474 1651 distinguitur
499 1572 600 1650 primo
623 1572 751 1652 quidem
777 1571 947 1634 auctoritas
978 1571 1076 1634 civilis

139 1683 238 1746 quam
262 1664 358 1726 habet
383 1668 473 1726 Rom.
490 1665 633 1728 Pontifex
660 1665 705 1727 uti
733 1683 788 1725 rex
806 1665 838 1724 in
853 1683 909 1725 suo
925 1667 1019 1741 statu,
1036 1667 1076 1728 ah

136 1757 358 1840 jurisdictione
372 1758 599 1832 ecclesiastiea3
617 1758 767 1834 secundo,
779 1757 954 1838 jurisdictio
978 1758 1078 1819 ecole-

138 1851 270 1914 siastica
284 1870 379 1930 quam
389 1851 485 1912 habet
496 1855 531 1914 ut
541 1855 631 1913 Rom.
649 1851 853 1930 episcopus,a
858 1849 1076 1932 jurisdictione

139 1963 240 2026 quam
254 1944 350 2006 habet
363 1948 514 2025 tanquam
527 1945 669 2006 Pontifex
683 1945 846 2006 Maximus.

163 2061 167 2068 ’
179 2037 214 2100 Si
229 2055 332 2098 sermo
347 2038 386 2098 sit
397 2037 437 2098 de
450 2037 705 2098 administratione
717 2037 856 2098 bonorem
869 2038 1073 2120 temperalium

138 2130 289 2193 Ecclesiae
304 2149 455 2207 romanae,
472 2149 527 2192 seu
543 2130 582 2190 de
594 2130 677 2192 civili
691 2130 845 2211 regimine
860 2134 959 2194 status
974 2132 1074 2193 eccle-

140 2223 271 2300 siastici,
286 2223 441 2303 quidquid
451 2224 526 2285 olim
542 2222 712 2285 obtinuerit
727 2223 777 2303 (de
791 2243 853 2304 quo
867 2225 921 2286 lib.
944 2225 1074 2287 diurnus

139 2319 206 2378 RR.
223 2318 282 2377 PP.
297 2316 351 2378 lib,
366 2321 396 2393 2,
411 2335 481 2394 cap.
497 2316 538 2395 l),
557 2316 651 2377 hodie
663 2336 701 2376 ex
712 2317 932 2379 constitutione
947 2319 1002 2379 Ec
1024 2319 1074 2380 de·

140 2407 267 2489 licendo
290 2409 336 2469 Pii
357 2411 409 2486 lv,
435 2409 604 2470 auctoritas
629 2409 806 2470 devolvitur
826 2410 859 2469 in
881 2411 1075 2472 cardinalem

142 2503 363 2579 camerarium,
376 2502 429 2582 qui
444 2502 476 2562 in
497 2501 564 2582 ejus
586 2501 732 2562 exercitio
755 2501 910 2563 assistitur
931 2521 951 2562 a
973 2503 1074 2564 tribus

145 2594 272 2656 decanis
287 2595 482 2674 singulorum
503 2595 649 2656 ordinum
667 2593 760 2674 hujus
779 2594 912 2673 collegii,
928 2614 986 2674 per
1008 2599 1075 2657 tur-

144 2697 220 2750 num
232 2687 272 2748 de
283 2687 384 2748 tribus
398 2687 430 2748 in
444 2691 509 2749 tres
529 2687 616 2762 dies;
641 2706 696 2748 seu
720 2687 829 2766 primis
842 2688 942 2749 tribus
963 2689 1074 2751 diebus

143 2781 443 2860 assistituraprimo
467 2781 585 2842 decano
609 2780 727 2842 ordinis
751 2781 1073 2862 episcoporum,ite1n

143 2874 400 2954 presbyterorum
414 2893 451 2936 ac
464 2874 680 2952 diaconorum,
697 2877 756 2936 eto.

183 2968 216 3030 Si
231 2985 334 3029 sermo
346 2968 387 3029 sit
400 2966 435 3028 de
442 2967 651 3048 jurisdictione
663 2969 853 3030 ecclesiastico
865 2969 949 3030 circa
959 2969 1074 3030 dimoe-

142 3061 201 3124 sim
228 3079 407 3138 romanam,
430 3061 498 3122 haec
525 3060 598 3122 licet
623 3078 679 3140 pro
707 3062 853 3141 analogia
885 3063 1073 3124 caeterarum

143 3154 321 3216 dioeeeseon
346 3154 566 3215 devolveretur
588 3153 620 3214 in
645 3155 705 3216 hoc
726 3154 904 3234 collegium,
928 3154 1020 3215 sicuti
1041 3155 1073 3216 in

141 3246 314 3326 capitulum
331 3265 388 3326 pro
404 3246 524 3308 ceteris
539 3246 737 3324 dioecesibus,
761 3246 855 3308 hodie
879 3248 997 3325 tamen,
1015 3267 1074 3328 per

142 3339 370 3403 institutionem
381 3339 547 3400 cardinalis
561 3339 670 3401 vicarii
685 3339 775 3419 quasi
785 3342 892 3401 Romae
908 3340 1069 3419 ordinarii,

143 3467 182 3478 —
194 3434 282 3514 quod-
295 3433 433 3495 officium
448 3436 549 3494 morte
563 3432 722 3494 Pontifieis
735 3451 797 3494 nou
807 3433 1073 3513 exspirat,-haee
1094 3511 1096 3516 Ι

141 3525 316 3607 jurisdictio
330 3525 514 3607 episcopalis
532 3543 589 3605 pro
614 3525 740 3589 dioecesi
761 3545 892 3608 romana
913 3529 943 3590 in
966 3526 1072 3610 hujus-
