2484 4016
152 271 213 332 300
364 282 593 329 lnsmruumuus
614 283 697 329 touls
719 281 873 330 cadorum.

152 431 242 492 beret
256 427 395 490 animum
408 426 467 506 piis
479 426 709 506 fundatoribus,
720 428 756 489 ut
768 426 902 488 aliorum
914 427 1084 492 liberalita-

151 527 216 586 tem
239 521 340 601 magis
362 524 559 600 provocaret,
577 519 719 601 pluribus
749 520 921 583 honoribus
944 540 1083 584 eommo-

152 616 263 698 disque
298 614 395 676 adlicit
429 633 482 676 eos
513 613 566 694 qui
592 633 653 674 aare
688 632 745 676 suo
773 615 878 676 locum
893 615 1085 679 aedificarent

152 707 322 771 christiano
338 707 434 770 cultui
450 707 640 769 dedicatum.

191 804 332 864 Honores
346 801 379 862 in
399 819 436 862 eo
446 800 644 882 potissimum
659 800 871 862 consistebant
885 803 920 862 ut
932 804 963 862 l⁰
976 801 1086 864 liceret

151 893 310 958 fundatori
324 913 437 956 nomen
461 913 553 956 suum
568 894 707 956 eeclesiae
726 893 915 956 inscribere:
935 895 1013 957 illud
1035 914 1085 958 ec-

152 989 248 1051 clesia
266 993 390 1052 tantum
413 988 567 1052 sumebat.
592 988 643 1050 Sic
668 988 807 1050 ecclesia
827 988 1014 1050 dicebantur
1036 990 1085 1051 vel

151 1082 312 1160 Eudoxias,
326 1084 376 1146 vel
386 1081 523 1159 Damasi,
536 1086 608 1158 ete,
621 1082 725 1161 prouti
742 1082 781 1143 ab
794 1082 946 1160 Eudoxio,
961 1082 1012 1143 vel
1026 1085 1084 1144 Da-

151 1193 251 1253 maso,
276 1179 349 1254 etc,
365 1179 455 1237 erant
474 1178 598 1252 erectae,
626 1193 798 1255 eorumque
824 1194 939 1237 nomen
963 1176 1084 1237 inlacie

152 1271 325 1350 portarent.
340 1270 413 1330 Mox
427 1267 554 1330 inducto
565 1287 624 1330 usu
634 1271 835 1330 stemmatum
846 1268 1081 1348 gentilitiorum,

152 1363 225 1424 huic
246 1361 440 1442 inscriptioni
460 1361 594 1424 nominis
609 1364 741 1423 stemma
755 1361 907 1423 familiare
923 1363 1083 1440 successit,

150 1459 219 1517 tum
240 1459 408 1534 utrumque
434 1455 540 1533 etiam,
565 1457 602 1516 ut
622 1455 814 1517 indicaretur
835 1455 901 1516 sive
919 1456 1085 1536 antiquum

152 1548 234 1610 illius
253 1549 298 1610 rei
322 1547 511 1626 dominium,
538 1548 604 1609 sive
621 1566 760 1627 prasens
782 1549 880 1611 tutela
901 1567 998 1628 quam
1025 1548 1085 1610 loci

153 1642 233 1704 sacri
251 1642 399 1704 fundator
413 1642 554 1703 haberet.

192 1738 224 1796 2⁰
237 1735 442 1814 Competebat
456 1735 550 1796 etiarn
562 1735 760 1816 patronisjus
770 1735 1023 1814 praesentationis
1031 1755 1085 1796 seu

153 1827 381 1910 postulationis,
403 1845 468 1907 prae
482 1829 602 1890 oaeteris
616 1829 760 1890 omnibus
781 1829 879 1908 laieiS,
896 1828 927 1888 in
952 1829 1087 1891 aeclesia

154 1939 249 2002 quam
271 1921 310 1982 de
328 1939 389 1982 aare
406 1939 461 1982 suo
476 1919 656 1996 fundasset3
672 1923 756 2002 quod
764 1922 817 2003 jus
831 1922 922 2001 plura
935 1921 1087 2000 specialia

153 2013 451 2092 comprehendebat,
473 2015 647 2076 secundum
667 2014 788 2076 divinas
801 2014 975 2076 functiones
990 2015 1023 2076 in
1037 2034 1088 2077 or-

154 2105 226 2166 dine
262 2107 302 2168 ad
332 2123 401 2186 quae
424 2107 492 2169 haec
524 2107 692 2186 postulatio
728 2107 996 2169 considerabatur.
1036 2108 1088 2170 Sic

153 2197 245 2258 donor
253 2217 386 2279 precam,
406 2219 467 2280 quo
483 2201 630 2263 videlicet
644 2200 843 2282 singulariter
857 2203 888 2262 et
900 2201 1089 2263 nominatim

152 2309 263 2371 preces
286 2291 318 2353 in
336 2292 469 2354 ecclesia
489 2294 695 2357 funderentur
721 2312 779 2374 pro
791 2293 976 2367 fundatore;
994 2294 1089 2354 bonor

154 2384 384 2467 thurificationis
396 2388 448 2447 vel
472 2387 735 2468 aspersionesque
760 2387 887 2467 speciali
909 2387 1004 2449 modo
1019 2407 1087 2466 prae

154 2479 274 2540 caeteris
288 2480 375 2541 laicis
389 2480 653 2543 thurificationem
666 2481 716 2541 vel
731 2480 944 2561 aspersionem
963 2479 1087 2559 recipe-

153 2576 202 2634 ret
214 2571 377 2647 fundatam
391 2572 483 2634 donor
499 2573 584 2650 sede,
599 2592 660 2653 quo
677 2573 858 2635 distinctum
871 2572 976 2634 locum
987 2572 1087 2634 habe·

153 2668 202 2728 ret
217 2664 249 2726 in
271 2667 403 2728 ecclesia
415 2685 479 2728 suaa
492 2667 702 2742 fundationis3
720 2666 812 2750 bonor
824 2667 940 2744 tumuli,
958 2685 1020 2747 quo
1036 2685 1086 2727 se-

153 2759 297 2838 pulcrum
316 2761 451 2838 speciale
466 2763 496 2822 ot
509 2760 690 2823 distinctum
707 2779 727 2821 a
745 2760 865 2822 caeteris
877 2759 964 2821 laicis
978 2760 1010 2821 in
1025 2759 1085 2821 hac

153 2851 221 2932 ipsa
240 2852 372 2913 eeclesia
386 2871 538 2915 excavare
556 2853 671 2932 possit3
688 2852 780 2916 donor
797 2853 924 2916 candele
944 2856 976 2916 et
992 2857 1085 2915 eaete-

152 2963 261 3007 rorum
285 2944 424 3007 omnium
447 2947 731 3024 sacramentalium,
750 2947 874 3027 quando
897 2947 965 3008 haeo
982 2947 1015 3007 in
1037 2964 1084 3007 ec-

153 3038 249 3100 clesia
261 3038 528 3120 dispensarentur,
543 3043 602 3102 etc.

194 3133 255 3194 Sed
267 3136 299 3194 3⁰
313 3134 392 3212 loco,
412 3133 513 3195 honor
523 3134 700 3216 praecipuus
714 3134 747 3196 in
765 3151 802 3196 eo
816 3137 884 3196 erat
900 3137 934 3196 ut
947 3133 999 3214 pio
1015 3135 1084 3196 fun-

153 3226 253 3288 datori
269 3245 324 3288 seu
339 3231 471 3308 patrono
494 3227 603 3290 lioeret
616 3231 806 3308 praesentare
822 3246 877 3288 seu
895 3230 1081 3310 praesentem

151 3333 272 3394 sistere,
288 3321 411 3397 offerre,
424 3321 646 3382 commendare
657 3320 979 3400 episeopopersonam
990 3337 1081 3402 quam

152 3413 282 3486 cuperet
300 3412 417 3488 praefici
439 3413 536 3474 sacris
562 3412 743 3475 ministeriis
772 3413 924 3476 abeundis
950 3415 982 3474 in
1014 3415 1080 3476 loco

152 3517 216 3559 suae
231 3499 431 3564 fundationis.
450 3506 525 3575 Quae
538 3505 665 3586 quidem
681 3507 893 3586 praesentatio,
909 3506 1031 3569 licetde
1049 3524 1081 3568 se
