2546 4016
341 265 449 314 morer
470 265 624 314 erneisus
644 269 727 316 rums
748 267 902 316 orrum.
1046 257 1082 320 st

155 413 258 472 mento
278 409 488 485 Scholastiaa,
502 410 632 490 quidam
645 411 816 474 edvooatus
841 431 897 482 seu
916 431 1085 478 oauamuur

154 507 303 581 patronus
317 503 523 582 (vocabantur
530 503 618 564 enim
627 504 659 564 bi
670 504 870 585 scholaste),
879 506 932 587 qui
943 525 1038 584 anno,
1051 511 1086 570 ut

154 597 261 674 fertur,
286 599 346 657 570
360 615 475 660 novem
495 597 670 659 elaboravit
686 599 902 660 oolieotionem
914 619 1081 678 pauonum,

154 708 298 778 novoque
311 688 422 749 ordine
446 689 640 768 dispositam.
659 691 820 770 Siquidem
833 694 1004 755 antenorea
1020 695 1085 756 oab

150 775 302 844 'laetiores
316 801 426 842 omnes
445 783 657 862 sequebantur
674 783 817 846 ordinem
829 785 1084 866 chronologicum

152 876 183 935 in
192 874 394 936 recensendis
405 893 517 953 nempe
527 876 700 938 canonibus
710 877 762 956 qui
773 878 805 937 in
814 877 863 938 bis
873 879 1080 942 eontinentur.

152 966 298 1030 Hiouero
312 967 407 1046 'prior
427 968 569 1050 ordinem
595 987 701 1030 rerum
719 975 845 1034 secutus
868 975 926 1048 est,
943 975 974 1033 et
993 973 1084 1052 juxta

152 1061 257 1122 varios
270 1061 378 1124 titulos
392 1061 469 1140 juris
485 1062 685 1124 ecelesiastici
699 1063 889 1126 documenta
902 1064 1040 1143 digessit.

192 1156 329 1215 Seoutus
345 1153 471 1217 videtur
484 1154 544 1215 hae
567 1155 599 1214 in
623 1173 657 1215 re
681 1155 867 1218 industriam
889 1157 1080 1235 Triboniani‚

150 1246 230 1327 juris
250 1238 374 1307 romani
389 1247 492 1325 periti,
520 1247 574 1326 qui
595 1247 684 1327 jussu
703 1248 869 1310 iustiniani
886 1249 1084 1329 imperatoris

153 1339 319 1400 Pandemos
333 1340 515 1403 elaboravit.
533 1343 613 1402 Nam
635 1341 715 1402 sieut
733 1341 941 1404 'tribonianus
954 1344 987 1404 in
1000 1345 1083 1406 boli-

153 1433 226 1493 bros
241 1432 400 1495 distribuit
414 1433 598 1510 Pandootes,
612 1434 659 1494 ite
673 1438 704 1494 et
717 1436 854 1502 ioannes
869 1435 901 1504 iu
923 1437 1083 1498 astituros

154 1525 370 1586 oolleotionem
384 1543 474 1586 suam
485 1526 602 1599 divisit3
619 1527 692 1588 etin
701 1526 841 1588 materie
852 1527 1080 1604 distributione,

154 1618 300 1679 eamdem
311 1618 500 1696 analogiam,
514 1623 666 1699 quantum
679 1619 746 1680 fieri
761 1619 872 1697 potuit,
889 1638 1015 1681 servare
1028 1639 1084 1682 eu-

153 1711 244 1773 ravit.

192 1805 245 1868 IV.
269 1804 391 1865 Placuit
404 1804 464 1865 boe
480 1823 558 1883 opus
576 1805 668 1884 genio
682 1805 782 1867 aetatis
796 1804 889 1882 illius,
913 1806 1030 1884 placuit
1052 1808 1084 1867 et

153 1895 336 1976 imperatori
355 1897 542 1974 iustiniano,
559 1899 611 1977 qui
632 1901 707 1960 tune
721 1916 850 1976 operam
874 1898 970 1972 dabat
983 1901 1018 1960 ut
1030 1898 1083 1979 jus

152 2007 321 2051 romanum
348 1993 587 2051 restauraretur.
612 1991 701 2052 Unde
725 1990 860 2070 gratiam
886 1990 1082 2069 imperatoris

151 2086 264 2146 neotus
278 2083 428 2158 ioannes,
451 2081 569 2162 rejecto
582 2081 736 2160 Eutychio
760 2083 897 2144 antistite
914 2083 1082 2161 religiosis

152 2177 243 2251 simo,
269 2174 467 2252 imperatoris
481 2193 579 2254 opera
601 2175 634 2235 in
649 2176 758 2236 sedem
770 2174 1082 2254 Constantinopolita-

151 2287 226 2329 nam
240 2267 379 2330 intrusus
389 2271 445 2328 est.

192 2364 281 2422 Tune
290 2363 326 2421 ut
336 2359 471 2438 gratiam
482 2360 583 2440 magis
594 2379 631 2422 ao
644 2361 745 2440 magis
760 2361 845 2440 apud
859 2357 1082 2441 imperatorem

151 2456 303 2533 captarat,
316 2453 366 2514 voi
380 2447 545 2531 eooeptam'
552 2454 711 2530 retineret,
725 2454 824 2515 codici
835 2473 897 2515 ase
909 2455 1081 2534 oomposito

150 2547 190 2608 de
213 2548 285 2628 jure
300 2545 519 2622 eeclesiastico,
545 2546 723 2625 imperiales
738 2547 833 2607 etiem
853 2547 938 2626 leges
953 2547 1078 2627 adjecit.

150 2640 241 2702 Unde
254 2639 355 2718 podiit
367 2638 487 2717 primus
498 2637 695 2715 Numerarem,
711 2655 768 2700 asu
778 2639 881 2718 prima
892 2639 974 2700 illius
988 2657 1081 2718 gene

150 2733 193 2792 ris
215 2732 369 2808 oolleotio,
389 2749 461 2810 quea
480 2731 601 2793 scilieet
621 2732 783 2810 utriusque
808 2731 970 2811 potestatis
996 2732 1082 2813 leges

151 2823 410 2904 eomprehendet,
418 2824 585 2886 canonicas
599 2841 711 2903 nempe
719 2828 750 2886 et
758 2825 879 2901 oiviles3
896 2825 1083 2888 Nemoraaoa

152 2917 338 2997 appelletur,
354 2935 375 2978 a
387 2937 484 2994 νομος,
495 2916 516 2978 i.
538 2935 579 2994 a,
596 2917 657 2994 lex,
675 2921 706 2978 et
717 2939 820 2979 naver.

445 3071 482 3110 ιιι.
497 3070 528 3109 ne
540 3041 790 3112 attestimoniare.

192 3193 229 3254 V.
253 3190 400 3252 Collectio
415 3190 564 3252 Truliana
578 3209 616 3252 ea
628 3193 675 3252 est
686 3209 761 3270 quae·
771 3191 913 3252 confecta
924 3192 955 3251 et
968 3208 1083 3270 appro-

151 3283 226 3348 bata
237 3283 325 3344 suita
342 3283 457 3344 Graeeis
471 3283 503 3344 in
518 3283 650 3345 coneilio
663 3283 832 3358 Trulleno;
849 3283 908 3345 fuit
921 3283 1083 3363 quoddam

153 3375 319 3442 concilium
336 3375 479 3444 habitum
493 3377 577 3438 eirea
589 3394 707 3437 annum
721 3379 778 3438 aaa
795 3377 827 3437 in
840 3377 948 3452 trulla
972 3391 1028 3438 seu
1048 3376 1080 3438 in

151 3468 317 3531 seeretario
330 3469 438 3547 palatii
447 3463 645 3548 imperatoris
663 3488 669 3529 :
690 3468 840 3531 undeueu
850 3467 1083 3531 venitutrruu
