2512 4012
397 315 437 360 on
457 313 689 364 annuncians
710 315 865 364 canonici.
1037 303 1095 367 las

158 459 319 525 eoarctari
343 459 394 522 vel
409 457 535 521 omuino
555 460 695 522 revecari
719 462 838 541 potest,
855 463 958 541 potest
982 465 1014 524 et
1028 461 1097 542 ipsa

156 553 341 637 jurisdictio
351 551 450 614 minui
460 553 511 613 vel
524 553 649 632 penitus
664 554 813 634 extingui.

206 649 305 710 Secus
318 664 394 708 vero
405 649 543 725 potestas
554 645 681 724 ordinis,
692 647 807 726 quippe
823 665 893 728 quae
906 647 1096 712 fundeturin

161 741 335 803 intrinseco
349 739 462 800 animae
478 739 659 801 charactere
678 740 731 819 qui
746 743 915 818 pertatem
933 742 1031 804 vitam
1052 742 1097 803 in-

163 832 309 895 delebilis
324 835 516 910 perseverat,
533 832 647 893 nullius
663 831 840 894 detrimenti
855 837 902 895 est
917 852 1030 914 capam
1042 833 1096 896 sed

162 926 266 989 semel
282 943 319 986 ac
346 928 476 1004 accepta
500 923 609 998 fuerit,
635 925 746 986 eadem
759 925 1004 1006 inextinguibilis
1027 945 1099 1006 per-

162 1021 286 1080 manet.
304 1017 393 1080 Unde
420 1020 524 1096 potest
538 1015 666 1097 quidem
680 1021 769 1079 aetus
787 1018 1013 1098 jurisdictionis
1028 1019 1099 1080 irri-

163 1111 240 1188 tari,
251 1113 339 1172 actus
349 1128 423 1171 vero
436 1127 474 1170 cx
483 1112 637 1188 potestate
647 1110 765 1171 ordinis
773 1111 924 1173 infirmari
931 1130 994 1175 non
1002 1112 1096 1174 valet.

208 1205 261 1266 IV.
285 1205 360 1264 Haec
377 1203 415 1263 de
438 1201 617 1263 discrimine
632 1202 713 1264 inter
726 1206 892 1286 utramque
911 1208 1099 1284 potestatem

165 1297 256 1358 dicta
270 1295 438 1357 sufficiant.
457 1297 545 1356 Nune
561 1295 600 1355 de
615 1295 778 1374 speciebus
792 1299 986 1360 earumdem.

209 1391 351 1451 Potestas
359 1391 426 1449 tum
434 1383 563 1465 ordinis,
573 1391 642 1450 tum
652 1388 888 1470 jurisdictionis,
905 1391 1101 1469 recipitnon-

100 1509 103 1514 ·
165 1482 273 1544 nullas
288 1480 482 1562 partitiones.

210 1578 353 1636 Potestas
366 1574 483 1636 ordinis
498 1574 608 1636 referri
623 1578 726 1654 potest
738 1577 787 1637 vel
802 1576 843 1636 ad
852 1575 1101 1638 administranda

166 1671 368 1732 sacramenta
383 1686 453 1747 quae
475 1668 580 1730 stricto
599 1687 693 1730 sensu
713 1669 789 1730 talia
813 1668 979 1748 dicuntur,
995 1668 1045 1730 vel
1061 1669 1101 1730 ad

165 1761 377 1824 ministranda
397 1760 451 1821 illa
475 1779 545 1840 quae
559 1761 622 1822 lato
640 1779 733 1822 sensu
758 1761 818 1822 hoe
838 1761 964 1838 nomine
986 1777 1103 1822 usuve-

167 1855 278 1933 niunt,
306 1872 419 1932 nempe
446 1854 696 1916 sacramentalia.
728 1856 932 1916 Sacramenta
960 1871 1030 1935 quse
1065 1871 1103 1915 es

168 1949 278 2014 divina
302 1946 495 2009 institutione
517 1947 549 2007 in
572 1947 712 2008 Ecclesia
735 1948 917 2028 habentur,
940 1947 983 2009 illi
1010 1945 1101 2027 pauci

168 2047 245 2106 sunt
256 2041 376 2103 externi
390 2041 468 2102 ritus
490 2040 603 2120 quihus
618 2040 760 2103 Christus
777 2042 887 2121 gratiae
900 2059 964 2104 suae
979 2045 1048 2104 tum
1063 2041 1103 2102 si·

169 2134 371 2216 gnificandae‚
387 2137 454 2195 tum
471 2134 639 2211 operante
653 2134 718 2195 vim
738 2134 834 2197 dedit.
857 2131 1103 2198 sacramentalia

170 2231 279 2292 autem
296 2227 443 2289 dicuntur
456 2226 585 2308 quidam
599 2227 677 2289 ritus
695 2227 904 2290 ecclesiastica
918 2226 1103 2290 auctoritate

168 2321 315 2398 instituti,
333 2320 386 2401 qui
401 2319 433 2380 in
444 2337 483 2381 eo
498 2324 767 2383 sacramentorum
782 2325 928 2384 naturam
943 2320 1104 2383 imitantur

170 2417 327 2496 quatenus
344 2413 521 2492 spirituales
546 2414 664 2493 gratias
688 2413 864 2492 significent
878 2419 909 2476 et
932 2416 1032 2475 allec
1047 2411 1103 2473 im·

168 2508 306 2588 plorent.

210 2603 247 2664 ln
268 2598 371 2679 primo
394 2617 491 2678 casu,
514 2603 652 2678 potestas
676 2598 794 2661 ordinis
817 2598 879 2662 dici
903 2602 1006 2680 potest
1024 2597 1104 2679 juris

173 2692 283 2770 divini,
301 2709 371 2772 quse
387 2693 471 2754 circa
486 2691 610 2772 objecta
623 2696 767 2754 versatur
782 2710 852 2773 quse
866 2711 903 2754 ex
911 2692 1105 2755 institutione

174 2786 282 2848 divina
296 2785 477 2846 immediate
498 2768 697 2864 primanant.
718 2787 754 2848 ln
779 2787 877 2849 altere
897 2804 971 2848 casu
993 2785 1107 2848 dieitur

171 2878 252 2959 juris
267 2879 407 2940 humani.
1098 2905 1102 2913 ·

214 2975 252 3036 V.
283 2973 392 3034 Plures
421 2970 605 3050 partitiones
633 2971 771 3036 admittit
798 2977 936 3052 potestas
957 2971 1107 3053 jurisdic-

173 3064 289 3129 tionis:

217 3161 250 3220 1⁰
272 3157 405 3222 Ratione
425 3157 517 3238 scotti
543 3175 598 3217 seu
622 3175 725 3220 causae
747 3159 830 3221 unde
853 3157 1015 3238 procedit,
1044 3173 1106 3239 quo

173 3269 269 3316 sensu
294 3249 358 3313 alia
378 3251 438 3313 dici
461 3253 565 3330 potest
585 3250 760 3330 capicerio,
777 3269 847 3332 quae
862 3269 975 3332 nempe
1000 3269 1020 3313 a
1042 3245 1106 3314 lieo

174 3345 243 3428 ipso
254 3343 334 3424 juris
344 3343 445 3410 omnis
453 3346 581 3405 auctore
596 3342 777 3407 immediate
792 3344 934 3424 profluit3
957 3345 1019 3408 alia
1032 3361 1107 3407 vero

176 3437 303 3521 qnando
325 3454 438 3518 nempe
450 3436 545 3498 fue1it
554 3437 594 3498 ab
609 3435 661 3498 illo
676 3440 820 3500 mutuata
833 3437 884 3520 qui
906 3437 1109 3525 origimuiam

178 3530 276 3594 habet
290 3533 493 3610 potestatem,
509 3527 642 3609 delepata
652 3529 782 3612 dicitur,
804 3550 874 3614 quae
887 3551 950 3595 non
970 3529 1028 3594 nisi
1043 3547 1111 3616 mea
