2484 4016
372 297 413 351 nn
435 295 563 350 3333333
583 296 667 345 rums
689 297 844 346 33333333.
1018 285 1077 348 333

139 439 332 521 erigeretur.
360 441 462 514 Quare
488 442 598 522 regula
622 460 717 523 quam
742 440 1000 506 antecedentibus
1024 460 1078 522 pe-

139 533 266 611 riodis,
294 551 390 613 supra
413 533 557 613 spiritum
578 535 627 596 vel
652 535 853 615 prudentiam
881 534 1079 615 particularis

140 627 241 688 enimi
255 625 429 688 fundatoris
439 626 641 706 innitebatur,
651 628 798 707 presenti
812 628 872 690 hac
886 627 1029 709 periodo,
1045 629 1078 690 in

139 719 295 781 Ecclesiae
306 718 425 799 judicio
449 722 480 782 et
493 721 676 800 prudentia,
690 720 844 802 majorem
858 725 951 786 nacta
964 725 1012 786 est
1029 741 1079 786 se-

140 813 324 876 curitatcm.

182 906 249 968 Sed
268 905 361 968 simul
381 909 413 967 33
432 901 579 987 rt'qidiom
599 906 714 986 qnippe
734 907 889 986 regularis
907 908 1077 988 professio,

140 1017 216 1080 quae
226 999 424 1062 antecedenti
433 999 563 1078 periodo
572 999 740 1079 ignorabat
749 1003 834 1078 vota,
844 1000 939 1080 coepit
948 999 1078 1080 periodo

141 1091 207 1154 hac
221 1111 294 1154 cnm
307 1092 387 1154 33313
402 1092 570 1173 conjungi;
589 1096 621 1154 et
635 1093 781 1173 quaedam
794 1097 868 1156 vota
881 1111 944 1156 non
956 1097 1080 1157 tentum

142 1184 327 1248 habuerunt
343 1204 400 1264 pro
424 1185 547 1265 objecto
561 1185 623 1247 tria
642 1186 773 1248 consilia
787 1187 987 1268 evangelice,
1004 1206 1082 1269 pau·

140 1277 287 1357 pertatis‚
304 1278 455 1340 castitatis
469 1281 500 1340 33
519 1279 721 1357 obedientia,
736 1297 806 1360 333
822 1281 990 1343 subaudita
1008 1286 1082 1345 sunt

77 1450 81 1456 1
142 1371 177 1432 13
188 1375 340 1452 conceptu
357 1371 534 1434 christiana
549 1372 759 1452 perfeetionis,
772 1372 829 1434 sed
848 1373 889 1435 ad
908 1373 971 1436 alia
985 1375 1081 1436 ctiam

143 1464 271 1546 objecta
286 1465 561 1546 supererogatoria
578 1468 707 1526 extansa
720 1467 808 1542 3333,
826 1465 982 1546 siquidem
994 1467 1080 1529 3133-

141 1577 216 1620 mns
238 1559 404 1620 nonnullas
417 1558 587 1637 religiones
599 1562 756 1638 :quartum
770 1557 929 1622 addidisse
950 1563 1077 1638 votum,

143 1651 237 1714 313331
256 1651 295 1712 33
311 1651 506 1730 templariis,
524 1651 564 1713 dc
577 1651 750 1730 Fratribus,
768 1651 807 1712 33
822 1652 985 1731 Mercede,
1003 1658 1078 1732 eta,

144 1743 302 1806 verificari
315 1744 462 1806 vidimus.

187 1839 252 1898 Nec
266 1839 390 1898 tantum
405 1840 480 1899 3333
501 1837 569 1900 haec
593 1837 717 1919 adjecta
736 1838 920 1917 professioni
943 1839 1081 1919 regulari

146 1931 276 1992 1333333
289 1934 363 1992 vcta
383 1930 556 2010 simplicia,
574 1931 689 1992 emissa
702 1949 815 2012 nempe
827 1949 905 2010 pure
920 1935 952 1993 33
965 1931 1084 2012 simpli-

147 2024 226 2086 citer
240 2041 298 2103 pro
313 2023 481 2103 prudentia
495 2024 688 2104 profitentis,
706 2024 762 2084 sed
782 2028 857 2086 vota
871 2024 1033 2104 solemnia,
1049 2025 1082 2089 id

149 2120 215 2194 est,
238 2115 419 2178 solemniter
441 2117 482 2179 ab
496 2117 636 2179 Ecclesia
650 2116 824 2198 recognita,
841 2122 988 2198 recepta,
1012 2122 1084 2182 rata

149 2209 267 2271 habita.
296 2211 363 2282 Quo
389 2209 597 2289 irrefragabili
624 2210 772 2277 Ecclesia
797 2211 917 2292 jndicio
944 2211 1081 2275 interve-

149 2302 266 2380 niente,
280 2303 316 2364 nt
329 2304 364 2363 33
377 2303 441 2364 3311
456 2302 604 2364 materies
618 2322 682 2366 non
696 2304 736 2366 313
747 2307 871 2367 tantum
885 2305 962 2386 quid
971 2306 1082 2368 melius

150 2397 182 2456 33
195 2393 343 2474 possibile
364 2395 397 2455 13
418 2395 593 2474 abstracto,
617 2396 722 2476 prouti
741 2414 808 2458 esse
830 2396 945 2459 3131333
964 2397 1002 2460 33
1017 2398 1081 2462 3331

150 2491 273 2565 333333,
287 2488 343 2548 333
357 2489 413 2549 fiat
427 2487 521 2550 etiam
536 2489 611 2569 qnid
625 2488 738 2550 malins
753 2491 785 2552 33
798 2488 945 2568 possibile
962 2490 994 2550 in
1009 2508 1083 2552 333,

149 2585 252 2657 creto,
281 2580 313 2642 13
335 2581 444 2642 ordine
471 2581 512 2642 33
532 2581 731 2645 individuum
763 2582 822 2644 snb
849 2581 902 2643 illa
931 2581 1082 2662 peculiari

150 2674 261 2753 regula
283 2673 525 2736 consideratum.
542 2673 704 2756 Siquidem
719 2675 869 2752 Ecclesia,
883 2676 994 2755 regula
1010 2693 1082 2738 con·

151 2766 288 2829 siderate
299 2767 331 2828 in
347 2767 455 2830 ordine
467 2766 509 2828 ad
523 2769 619 2829 finem
627 2787 722 2849 quem
732 2768 791 2829 sibi
801 2767 958 2848 proponit,
970 2767 1012 2850 dij
1017 2767 1083 2829 udi-

152 2863 201 2921 cat
215 2878 327 2921 333333
344 2859 423 2921 11133
438 2860 550 2922 melius
573 2864 605 2922 et
619 2861 765 2941 possibile
778 2881 835 2942 pro
853 2861 1014 2923 individuo
1029 2861 1081 2923 illo

151 2971 229 3016 3333.
242 2955 345 3026 Quare
356 2955 392 3014 fit
400 2957 436 3014 nt
448 2954 568 3015 bonum
582 2955 712 3032 morale,
726 2973 782 3016 333
795 2953 922 3016 moralis
933 2953 1082 3032 perfectio

150 3045 304 3108 individui
318 3046 907 3125 3333133333,1333313333333331333313
921 3046 1083 3110 solutionis

150 3140 213 3202 voti
229 3139 390 3219 simplicis,
405 3139 432 3200 si
442 3140 648 3202 demonstrari
661 3141 760 3220 possit
770 3141 987 3220 imprudenter
1002 3139 1082 3201 indi-

151 3233 282 3296 viduum
294 3231 383 3293 illum
396 3232 518 3294 vovisse
528 3231 560 3293 id
573 3250 630 3312 pro
646 3251 708 3313 quo
722 3233 917 3313 assequendo
928 3230 1010 3294 vires
1019 3233 1083 3294 331-

151 3326 290 3388 ficientes
311 3344 374 3387 non
396 3325 506 3400 habet;
528 3329 603 3387 vota
631 3325 715 3387 enim
733 3325 836 3388 emisit
849 3326 903 3387 nni
924 3344 989 3387 333
1011 3344 1084 3406 prn-

151 3418 265 3484 3333133
288 3417 428 3496 innixus,
450 3437 508 3481 nec
524 3435 632 3480 omnes
647 3417 793 3498 previdit
813 3422 845 3482 et
863 3418 1022 3482 dimetitus
1036 3422 1084 3481 est

143 3511 412 3602 circumstantias,
421 3530 479 3574 nec
488 3510 565 3586 setis
577 3511 743 3592 perpendit
752 3510 834 3584 vires
844 3531 916 3574 suas
928 3512 969 3574 ad
982 3512 1084 3589 hocut

949 3619 995 3674 tc*
