2514 4014
139 251 178 312 bu
351 261 582 310 suernorronns
601 261 684 308 suuis
706 258 860 308 corusci.

142 407 331 484 christiano,
343 425 398 470 ssu
413 407 485 468 vitoe
501 405 679 468 christiano
695 403 868 469 secundum
878 396 1070 481 jessous

142 502 215 578 duo,
232 501 381 579 septimus
394 499 512 560 scilieet
528 504 558 560 et
576 503 715 574 octavus,
731 497 849 557 hebent
868 493 972 558 verius
988 509 1072 570 prec-

141 593 324 672 scriptiones
344 593 504 670 liturgicas
529 595 561 653 et
582 591 728 652 morales.
751 592 912 652 Postremo
934 585 1072 663 denique

141 686 243 764 cupite
250 685 321 745 libri
329 687 396 751 VIII
403 684 598 746 subnectitur
606 683 735 763 quidum
742 681 913 759 catologus,
924 680 1072 742 constans

141 779 313 840 secundum
321 778 399 839 ulios
407 778 541 855 codices,
553 776 791 857 quinquaginta,
799 769 1068 844 seeundunalios

142 871 301 950 octogiuta
314 871 451 951 quinque
463 870 612 931 brevibus
631 868 793 930 sententiis
808 883 879 946 quae
896 865 983 930 buno
998 861 1070 931 titus

120 963 206 1024 ‘lum
224 965 361 1025 habent:
381 962 510 1024 Couooes
531 962 593 1024 SS.
606 961 812 1042 Apostolorum
820 977 878 1040 per
896 955 1072 1022 clemwon

141 1056 314 1131 Romanum,
331 1075 350 1115 a
363 1055 402 1118 B.
418 1055 510 1117 Petro
523 1055 690 1116 morotum
701 1053 892 1133 Episcopum,
906 1048 989 1110 editi.

181 1149 243 1211 Sed
254 1149 362 1210 titulus
374 1149 426 1208 hic
440 1149 597 1228 speciosus
612 1147 665 1228 qui
681 1146 896 1207 difficultatem
912 1160 977 1210 nou
996 1139 1071 1209 tecit

139 1241 355 1322 typogrsphis,
377 1259 447 1301 cum
469 1236 587 1304 creavit
607 1240 737 1302 eruditis
755 1237 936 1320 :siquidem
953 1252 1004 1299 res
1023 1236 1071 1294 est

140 1336 233 1413 plens
251 1333 486 1410 controversiis,
512 1333 642 1394 definire
661 1332 758 1414 hujus
774 1330 877 1410 operis
895 1331 1067 1404 auctorem,

140 1431 171 1489 et
192 1426 410 1488 auctoritatem
431 1427 596 1487 aestimare.
620 1428 699 1488 Cum
719 1442 795 1486 vero
813 1423 924 1484 eedem
942 1419 1069 1490 omniuo

140 1538 204 1581 non
218 1519 258 1580 sit
269 1518 423 1580 sententio
437 1537 507 1598 quae
522 1519 636 1581 debeat
652 1517 779 1584 retineri
799 1514 904 1596 quood
923 1511 1071 1576 constitu-

139 1613 240 1674 tiones
265 1615 297 1672 et
322 1611 426 1691 quood
444 1601 589 1673 'canones
613 1611 811 1691 apostolicos,
837 1608 910 1669 inde
938 1603 1070 1668 seorsim

140 1704 352 1766 disseremus:
375 1706 405 1765 1⁰
429 1704 468 1766 dc
490 1704 776 1779 constitutionibus,
793 1706 824 1764 2⁰
838 1702 879 1764 de
898 1697 1070 1762 canonibus

140 1796 327 1878 apostolicis.

355 1945 366 1998 ς
380 1949 397 1989 1.
411 1957 442 1991 ns
455 1956 684 1994 cossnrursosrurs
696 1957 849 1993 morou.

179 2071 215 2131 ΙΙ.
241 2068 353 2133 omnio
372 2075 558 2150 arguments
579 2071 643 2131 sive
661 2071 847 2148 intrinsece,
868 2071 933 2131 sive
954 2068 1070 2131 extn'n-

108 2205 124 2234 ,
138 2181 211 2223 sese
244 2162 393 2240 apostolis
421 2163 600 2226 auctoribus
625 2163 805 2244 hujusmodi
834 2161 1069 2229 constitutiones

139 2254 321 2333 abjudicant
336 2274 342 2314 :
361 2254 517 2316 intrinseco
534 2256 618 2318 enim
631 2274 700 2335 quse
715 2259 865 2335 petuntur
879 2275 898 2316 e
912 2253 1065 2330 doctrine,

137 2350 205 2408 tum
231 2346 426 2425 dogmatica,
448 2351 515 2410 tum
536 2347 662 2424 morali,
686 2351 753 2410 tum
769 2347 975 2429 disciplinari,
1000 2350 1068 2406 tum

139 2439 288 2503 historice
302 2439 395 2519 hujus
410 2441 513 2520 operis
525 2461 532 2514 ;
547 2441 710 2502 extrinseco
724 2459 794 2520 quoe
812 2441 1018 2500 desumuntur
1030 2456 1068 2498 ex

138 2531 268 2592 testibus
283 2531 341 2610 ipsi
357 2533 443 2611 operi
462 2533 627 2609 extraneis
648 2534 700 2612 qui
715 2533 797 2598 illius
812 2533 890 2593 dont
899 2530 1063 2611 judicium,

179 2627 212 2684 10
234 2626 318 2686 Inter
331 2624 384 2685 illa
405 2643 474 2703 quae
499 2645 537 2685 ex
558 2625 721 2704 dogmatico
735 2633 825 2706 porte
848 2625 913 2686 erui
936 2625 1067 2707 possunt

138 2719 324 2796 argumente
338 2711 680 2797 sequentia‘citahimus
693 2739 699 2779 :

177 2807 362 2887 Hujusmodi
383 2809 618 2872 constitutiones
636 2811 782 2872 videntur
799 2811 881 2872 male
896 2809 1010 2872 sentire
1027 2809 1066 2869 de

138 2899 299 2961 divinitate
314 2899 381 2960 Filii
397 2904 428 2960 et
440 2901 573 2980 Spiritus
588 2903 705 2968 Suncti.

178 2991 364 3054 Permittunt
386 2993 505 3054 ancillis
525 2998 561 3055 ut
577 2995 697 3056 libidini
718 2996 916 3057 dominorum
937 3011 1066 3055 suorum

137 3085 318 3160 inservient,
332 3084 445 3164 jubent
467 3090 502 3148 ut
526 3086 655 3149 iteretur
675 3089 831 3166 baptismo
851 3088 891 3149 ah
910 3085 1064 3148 haereticis

138 3176 296 3238 collatum.
313 3179 352 3238 nt
365 3177 409 3238 ite
423 3197 516 3257 porro
530 3198 536 3240 :

177 3269 251 3328 Hunc
264 3285 335 3328 cum
348 3269 538 3334 abhorreant
548 3289 568 3332 e
578 3272 721 3338 doctrino
735 3273 958 3353 apostolorum,
966 3269 1064 3336 mont

138 3359 251 3512 fesffirbm
271 3362 317 3512 {st
340 3361 381 3420 ed
403 3362 506 3425 minus
527 3363 651 3427 vitiatos
664 3365 759 3426 fuisse
783 3365 906 3428 codices
922 3363 975 3444 oui
990 3361 1064 3430 tolie

139 3469 177 3512 ex
234 3469 297 3512 en.
