2484 4016
381 237 591 286 *nn-omnem
611 239 694 286 runis
717 238 872 288 ememor.
1044 213 1099 290 2'81

167 384 298 472 servitio
314 385 530 448 addicebatur.
546 388 716 465 Propterea
736 404 772 448 eo
792 385 859 466 ipso
873 386 957 466 quod
971 386 1103 449 clericus

167 479 200 540 vi
215 497 280 546 suae
295 479 501 541 ordinationis
522 479 614 540 alicui
635 479 773 542 ecclesiae
794 480 1022 558 intitulabatur,
1046 499 1103 560 per

168 591 366 652 consequens
389 573 589 653 obligabatur
610 574 650 634 ad
669 573 849 654 hujusmodi
872 574 1013 636 divinum
1035 574 1104 636 offi-

167 665 253 727 cium
265 684 321 744 pro
336 666 438 746 gradu
451 665 509 726 sibi
526 666 714 746 competenti
730 667 985 745 persolvendum.

210 759 301 831 Quod
315 758 339 820 si
356 777 393 818 ex
406 759 512 839 aliqua
525 759 759 822 circumstantia
776 760 815 821 ab
835 759 1015 840 hujusmodi
1037 779 1103 822 ser-

169 851 246 913 vitio
258 851 396 912 ecclesiae
413 853 631 930 excusabatur,
649 871 705 931 per
719 858 914 932 consequens
932 853 1057 914 videtur
1071 856 1103 915 et

171 945 212 1006 ab
234 945 336 1006 officio
360 945 568 1022 persolvendo
592 948 757 1006 excusatus
777 944 883 1008 fuisse.
905 946 1025 1025 Quippe
1039 964 1102 1008 non

149 1029 153 1034 ’
171 1037 407 1116 concipiebatur
418 1041 569 1118 tanquam
577 1039 677 1100 oratio
692 1038 893 1118 singulariter
903 1042 934 1100 et
943 1038 1100 1118 privatim,

169 1132 226 1193 sed
244 1131 454 1192 communiter
468 1134 499 1194 et
518 1131 642 1210 publice
657 1133 688 1192 in
704 1132 799 1193 choro
815 1133 856 1193 ab
871 1131 1016 1195 omnibus
1031 1150 1103 1212 per-

169 1224 331 1286 solvenda.
349 1224 480 1286 Accedit
497 1227 582 1304 quod
601 1243 665 1287 non
681 1225 791 1288 aderat
811 1226 892 1288 liber
912 1225 1026 1307 aliquis
1050 1226 1102 1287 de·

168 1317 356 1380 terminatus
377 1318 409 1378 in
434 1337 496 1398 qun
524 1319 662 1380 officium
687 1319 904 1397 quotidianum
930 1337 968 1378 ex
992 1318 1102 1379 ordine

168 1411 367 1472 recitandum
395 1411 635 1489 describeretur,
658 1429 752 1492 quem
777 1411 893 1474 librum
916 1429 1024 1472 omnes
1048 1429 1103 1490 pc·

169 1504 303 1567 tuissent
326 1503 389 1565 sihi
408 1504 585 1582 providere,
601 1505 657 1565 sed
680 1504 821 1583 pluribus
841 1504 929 1566 libris
950 1503 1102 1566 distinctis

170 1597 275 1660 clerici
305 1597 475 1659 utebantur
500 1597 532 1657 in
560 1598 679 1660 choro:
701 1597 857 1678 psalteriis
880 1616 936 1678 pro
961 1597 1100 1677 psalmis,

168 1690 344 1770 hymnariis
367 1709 424 1770 pro
443 1690 579 1770 hymnis,
599 1690 826 1770 antiphonariis
838 1709 895 1769 pro
910 1690 1100 1770 antiphonia,

169 1783 267 1845 sacris
282 1783 388 1844 bibliis
402 1785 452 1844 vel
464 1782 649 1845 homiliariis
663 1801 721 1862 pro
747 1783 944 1845 lectionibus.
961 1785 1024 1843 Nec
1046 1783 1103 1843 ad-

169 1880 237 1938 erat
252 1880 403 1956 punctum
419 1877 659 1938 determinatum
676 1895 737 1956 quo
752 1877 844 1938 lectio
862 1875 944 1936 finiri
960 1875 1099 1953 deberet,

169 1970 225 2031 sed
238 1970 279 2030 ad
292 1973 403 2030 nutum
418 1968 550 2048 praelati,
563 1987 676 2048 nempe
687 1969 833 2030 antistitis
844 1969 932 2032 chori
947 1968 1100 2049 praelecti,

171 2063 394 2141 imponebatur
412 2061 520 2123 lectori
541 2080 598 2141 per
618 2063 717 2123 verba
738 2070 770 2122 tu
783 2071 890 2141 autem,
908 2063 1021 2144 quihus
1035 2062 1102 2142 ipse

170 2154 270 2216 lector
282 2154 463 2236 adjiciebat:
477 2154 610 2232 Domine,
621 2155 855 2234 meierereaob'ri,
869 2156 965 2219 choro
974 2175 1101 2236 respon-

172 2248 265 2311 dente
278 2247 340 2308 Deo
351 2250 475 2328 gratias.

211 2343 248 2404 V.
274 2341 336 2403 Sed
350 2342 464 2402 saeculo
480 2342 534 2402 Xll
554 2343 659 2403 recedi
674 2342 769 2422 eoepit
788 2342 827 2402 ab
849 2341 909 2404 ista
923 2342 1098 2422 disciplina.

172 2434 292 2515 Quippe
309 2434 457 2496 ordinarii
473 2439 637 2514 coeperunt
651 2435 780 2497 clericos
796 2434 942 2495 ordinare
956 2439 1101 2514 respectu

172 2528 278 2588 habito
301 2527 343 2588 ad
361 2527 522 2589 servitium
541 2529 675 2608 speciale
690 2527 722 2588 in
735 2526 841 2606 aliqua
853 2526 985 2587 ecclesia
999 2527 1103 2589 deter-

171 2620 290 2682 minata
304 2621 529 2698 praestandum,
547 2641 601 2682 seu
617 2625 652 2683 ut
666 2619 796 2682 clericus
811 2619 855 2682 sic
868 2619 1029 2681 ordinatus
1043 2638 1101 2700 pro

48 2733 51 2740 ·
171 2715 320 2776 mandato
347 2713 484 2793 episcopi
505 2714 643 2776 ecclesiae
662 2712 887 2794 opportunitati
901 2712 951 2773 vel
966 2711 1102 2774 necessi-

171 2808 226 2870 tati
248 2807 429 2868 deserviret.
445 2807 535 2869 Unde
557 2805 705 2887 obligatio
721 2807 774 2867 illa
789 2805 884 2868 divini
902 2805 1100 2885 persolvendi

172 2888 265 2962 officii
282 2899 410 2979 propria
424 2919 491 2961 esse
506 2901 602 2980 coepit
624 2901 749 2961 illorum
772 2899 958 2961 clericorum
979 2902 1101 2960 tantum
1197 2949 1204 2964 .

162 2994 224 3074 'qui
241 2992 373 3074 alicujus
388 2993 530 3072 specialis
541 2993 680 3054 ecclesiae
695 2993 820 3055 servitio
840 2993 971 3053 fuissent
984 2990 1101 3052 manci·

171 3088 245 3166 pati,
262 3085 314 3166 qui
324 3086 470 3146 videlicet
493 3087 534 3147 ad
556 3087 655 3148 instar
669 3087 805 3166 antiquae
820 3084 991 3163 disciplinae
1004 3085 1102 3146 bene·

171 3179 242 3241 ficio
259 3179 469 3240 ecclesiastico
490 3179 706 3241 tantummodo
730 3178 830 3257 gavisi
855 3180 968 3238 esseut.
990 3176 1100 3240 Caeteri

172 3272 255 3333 enim
267 3272 370 3333 clerici
384 3290 420 3332 eo
438 3272 505 3351 ipso
521 3272 605 3352 quod
620 3290 682 3333 non
692 3270 846 3331 haherent
857 3269 1100 3331 determinatum

173 3365 311 3426 officium
332 3365 364 3425 in
385 3365 517 3426 ecclesia
532 3363 757 3443 praestandum,
783 3366 813 3424 et
831 3381 850 3424 a
870 3363 975 3424 divino
997 3362 1099 3425 officio

171 3458 378 3537 persolvendo
395 3464 485 3518 erant
496 3457 661 3522 immunes.

966 3563 1011 3620 lo*
