2512 4012
373 240 411 284 oo
433 239 563 286 cornero
584 239 667 286 roms
689 239 843 286 cononici.
1016 229 1070 288 all

136 385 254 467 gradus
269 386 438 464 postquam
452 383 545 444 realis
559 383 659 445 factus
673 388 729 462 est,
738 402 801 446 non
813 402 962 465 maguam
980 385 1074 448 habe-

137 482 189 540 bat
214 477 427 540 differentiam
441 495 461 536 a
476 495 607 538 munere
624 479 877 557 metropolitano,
892 479 942 540 vel
958 479 1074 558 prima-

136 572 211 648 tiali,
234 571 298 630 imo
323 570 374 631 isti
394 570 490 648 legati
512 570 576 630 nati
599 570 630 630 vi
646 570 810 631 ordinaria
833 591 897 632 suae
909 572 1074 651 legationis

137 662 390 741 metropolitanis
402 662 452 722 vel
467 663 652 740 primatibus
666 662 849 742 aequiparati
865 668 947 742 sunt,
965 683 1073 726 secun-

136 759 213 817 dum
238 755 325 834 quod
340 754 498 834 subjectos
512 755 672 818 habehant
696 754 858 834 episcopos
872 759 1006 834 tantum,
1024 759 1073 819 vel

135 851 223 928 ipsos
238 848 509 926 metropolitanos,

175 942 248 1002 Dixi
265 961 271 1000 :
289 941 321 1002 cl
331 939 492 1001 ordinariae
516 940 680 1022 locationis,
697 941 935 1020 praescindendo
951 944 991 1004 ab
1006 944 1074 1005 aliis

136 1033 340 1096 facultatibus
353 1033 518 1094 ordinariis
531 1052 600 1113 quae
614 1033 740 1113 speciali
753 1027 902 1095 mandato
918 1035 978 1096 illis
992 1054 1075 1096 oom-

137 1129 242 1188 missae
268 1126 409 1186 fuissent.
445 1127 642 1205 Quapropter
670 1146 727 1205 per
757 1127 870 1187 horum
898 1128 1074 1208 legatorum

137 1224 285 1282 natorum
297 1218 523 1281 institutionem
538 1238 601 1280 non
614 1219 714 1298 magis
727 1219 951 1297 providebatur
963 1222 1008 1282 rei
1023 1241 1074 1284 ec-

137 1312 319 1374 clesiastieae
334 1330 429 1390 quam
441 1331 498 1390 per
512 1312 704 1373 ordinariam
719 1311 944 1374 institutionem
959 1319 1073 1377 metro·

137 1406 307 1484 politanum
318 1405 369 1464 vel
381 1405 560 1483 primatum.

177 1501 260 1559 XIX.
273 1499 335 1558 Sed
343 1497 392 1557 vel
404 1513 441 1556 ex
456 1516 492 1557 eo
507 1498 667 1577 quodhaeo
678 1501 815 1576 potestas
827 1498 919 1558 nimis
933 1500 1073 1576 angustis

138 1591 352 1653 contineretur
367 1589 528 1666 limitibus,
546 1591 597 1650 vel
619 1609 706 1650 exeo
729 1591 814 1670 quod
836 1589 1017 1670 hujusmodi
1032 1592 1074 1652 le-

137 1685 201 1764 gati
220 1701 284 1744 non
296 1684 376 1744 hene
390 1702 448 1744 sua
462 1683 509 1742 usi
522 1686 594 1744 sunt
612 1683 809 1760 auctoritate,
833 1684 912 1744 adeo
929 1687 964 1744 ut
983 1702 1072 1746 occa-

138 1778 257 1838 sionem
284 1776 427 1837 dederint
453 1775 588 1855 querelis
625 1776 810 1837 inferiorum
840 1776 1070 1855 episcoporum,

139 1870 316 1931 debuerunt
338 1869 411 1929 hnic
430 1868 570 1930 ,defectui
590 1888 646 1948 per
661 1869 722 1930 alia
741 1887 923 1930 succurrere
940 1871 1072 1931 Romani

137 1963 329 2038 Pontificem,
356 1961 441 2040 quod
466 1961 609 2022 fecerunt
635 1962 786 2024 mittendo
814 1966 902 2026 extra
930 1963 1072 2040 ordinem

137 2054 303 2116 nonnullos
325 2053 410 2118 viros
434 2055 487 2132 qui
513 2053 641 2133 speciali
663 2055 812 2116 mandato
838 2055 1072 2135 majoribusque

137 2167 208 2208 oum
222 2146 425 2208 facultatibus
447 2147 639 2224 pontificiam
662 2151 923 2225 repraesentarent
939 2149 1072 2210 auctori-

138 2244 244 2302 tatem.
771 2284 774 2290 -
1080 2251 1082 2255 '

175 2335 231 2394 Hae
250 2350 341 2393 nova
358 2333 530 2412 legationes
548 2333 635 2395 initio
656 2335 782 2394 fuerunt
801 2336 1068 2397 extraordinariae.

138 2429 215 2488 Cum
227 2443 302 2485 vero
319 2444 465 2486 successu
480 2428 657 2505 temporum
670 2427 753 2486 felici
774 2427 856 2487 exitu
870 2429 1072 2489 commenda-

137 2522 256 2594 rentur,
278 2518 491 2596 multiplicatae
507 2523 589 2595 sunt,
608 2519 708 2579 donec
726 2518 953 2579 in‘ordinarias
969 2523 1072 2582 trans·
1110 2579 1112 2582 ,
1159 2529 1161 2535 ’

136 2612 250 2672 ierunt.
267 2609 324 2682 Qui
340 2610 400 2670 hoo
421 2629 536 2671 munus
556 2611 735 2672 hahuerunt
757 2611 921 2672 ordinariae
943 2611 1070 2690 legatio-

137 2703 193 2778 nis,
212 2701 245 2762 hi
270 2705 342 2763 sunt
365 2703 457 2782 lepote'
475 2703 566 2780 misci,
584 2722 718 2783 quorum
743 2703 830 2782 origo
851 2703 955 2783 aliquo
978 2723 1071 2766 sensu
1106 2692 1108 2697 '

137 2795 309 2873 repetenda
324 2799 371 2856 est
391 2794 539 2874 jamtum
557 2815 576 2857 a
595 2816 667 2858 saec.
693 2799 732 2858 V⁰
755 2797 812 2858 suh
834 2801 942 2858 sancto
966 2799 1070 2861 Leone

136 2905 263 2966 magno.
286 2887 324 2948 Hi
350 2891 467 2965 tamen,
491 2888 521 2948 vi
544 2889 701 2967 primaevae
723 2889 935 2968 institutionis,
953 2892 1071 2952 nullam

137 2980 316 3041 habuerunt
333 2981 583 3060 jurisdictionem
605 2983 858 3044 ecclesiasticam.
875 2985 973 3043 Erant
996 2983 1071 3043 sim-

137 3073 232 3150 plices
259 3073 359 3134 nuntii
383 3074 551 3136 voluntatis
572 3077 787 3138 Romanorum
808 3074 1005 3151 Pontificum,
1030 3077 1071 3137 ad

137 3166 354 3244 imperatores
372 3167 424 3247 qui
440 3185 552 3247 nempe
563 3168 604 3228 ad
615 3168 819 3247 imperatores
834 3184 1071 3246 responsapon-

137 3259 267 3336 lilinum,
299 3259 497 3339 pontificibus
523 3279 675 3340 responsa
703 3261 928 3339 imperatorum
955 3261 1071 3324 refere-

139 3351 214 3414 bant
231 3373 238 3415 :
255 3353 328 3416 inde
343 3372 457 3416 nomen
471 3355 665 3436 apocrisiarii,
682 3355 785 3430 idest,
802 3355 1006 3432 responsales.

179 3447 343 3526 Degebant
357 3447 406 3509 isti
420 3450 505 3527 apud
521 3449 608 3510 aulas
628 3447 863 3526 imperatorum,
876 3467 938 3510 non
954 3447 1016 3509 alia
1030 3449 1068 3510 de
