2546 4016
408 229 465 274 -un
487 224 613 276 carnoso
634 224 716 274 roais
738 225 892 275 onrorrer.
950 268 952 272 ,
1070 213 1127 280 ua

215 377 260 436 2⁰
287 377 359 437 llaec
374 369 483 434 autem
493 371 624 436 visibilis
640 373 774 436 societas
790 373 849 435 sub
866 368 981 454 duplici
998 379 1127 454 aspectu

163 470 298 546 potest
317 465 528 542 considerari,
547 484 661 544 nempe
673 466 714 526 in
733 485 790 528 sua
813 467 937 529 interna
957 469 1125 546 structura,

167 565 210 620 et
236 561 278 620 in
305 561 370 622 suis
392 557 597 620 relationibus
626 559 668 620 ad
691 563 799 637 arba,
825 560 940 638 idest,
967 579 1040 622 cum
1058 560 1127 622 aliis

168 653 406 715 societatibus.
433 652 523 714 Unde
556 652 671 731 duplex
698 652 759 714 erit
788 656 901 716 nostrae
933 653 1127 716 tractationis

168 747 296 808 liber:
319 749 365 807 l¹¹⁸
378 746 418 806 de
432 743 556 810 interno
584 745 732 810 Ecclesiae
752 749 850 824 statu,
867 749 912 810 2⁰³
938 746 977 808 de
997 749 1125 811 externo

171 840 441 922 ejusdemstatu.

488 973 621 1050 LIBER
647 973 827 1051 PRIMUS.

366 1159 411 1212 DE
440 1158 596 1215 turnare
624 1159 798 1214 uectuslm
826 1159 949 1216 STATU.

230 1305 268 1365 ll.
294 1305 440 1365 Internus
466 1303 612 1366 Ecclesiae
645 1307 743 1366 statua
770 1305 854 1366 viam
883 1306 983 1386 aperit
1007 1306 1123 1386 duplici

184 1395 435 1475 investigationi,
444 1397 687 1476 quarumprima
700 1400 747 1460 est
757 1397 954 1478 depersonia,
962 1399 1061 1462 altera
1070 1419 1125 1462 ou·

184 1493 254 1552 tem
268 1489 415 1550 derebus
429 1489 462 1550 in
476 1488 625 1552 Ecclesia.
643 1493 710 1552 Duo
726 1491 794 1554 haec
812 1491 967 1553 elementa
982 1511 1124 1556 necessa·

185 1583 236 1644 iia
251 1585 326 1643 sunt
348 1586 383 1643 ut
400 1583 550 1662 quaelibst
567 1583 701 1646 societas
717 1585 822 1646 valeat
842 1584 1022 1646 subsistere.
1042 1585 1122 1658 Quid

186 1675 273 1736 enim
291 1679 338 1736 est
351 1675 506 1738 societas?
522 1677 718 1755 Conspiratio
730 1676 867 1754 plurium
878 1675 997 1737 entium
1010 1676 1123 1740 libero·

188 1787 260 1830 rum
277 1768 311 1828 in
332 1769 428 1829 finem
452 1787 661 1830 communem.
680 1769 743 1832 Sed
765 1769 836 1830 finis
857 1769 1034 1830 naturalem
1049 1770 1124 1833 dicit

187 1861 375 1924 relationem
397 1862 437 1922 ad
459 1863 564 1924 media
584 1881 641 1941 per
662 1881 732 1942 qnae
750 1862 856 1924 valeat
879 1861 1023 1932 obtineri.
1039 1863 1121 1942 Ergo

187 1954 347 2017 societatis
362 1959 530 2034 conceptus
545 1959 660 2034 praeter
674 1956 759 2019 entia
774 1955 996 2035 conspirantia,
1007 1958 1123 2035 praeter

189 2049 260 2128 ipsa
283 2047 514 2126 aggregationis
543 2049 701 2126 membra,
725 2053 840 2128 praeter
859 2067 1000 2129 paeones
1022 2048 1123 2110 socio-

189 2159 273 2218 rum,
295 2140 428 2220 requirit
441 2145 473 2202 et
488 2155 545 2218 res,
567 2159 681 2220 nempe
700 2141 806 2202 media
825 2141 938 2222 quibus
957 2140 1032 2203 socii
1049 2159 1123 2219 pro-

187 2234 327 2314 positum
353 2233 585 2313 aggregationis
612 2234 732 2312 possint
754 2234 907 2296 obtinere.
928 2233 1018 2297 Unde
1039 2235 1122 2295 Deus

188 2325 441 2406 sapientissimus·
460 2327 623 2389 ordinator
643 2327 803 2389 hominem
822 2346 885 2388 non
903 2326 1044 2388 condidit
1063 2326 1121 2387 nisi

188 2423 357 2500 postquam
370 2419 628 2482 antecedentibus
641 2419 808 2482 creationis
823 2418 933 2480 diebus
949 2439 1000 2480 res
1014 2437 1122 2481 omnes

189 2517 348 2590 creasset,
368 2531 437 2593 quae
459 2517 611 2594 tanquam
627 2513 732 2574 media
745 2511 897 2574 inservire
914 2516 1059 2591 poterant
1075 2531 1123 2575 so·

189 2606 296 2668 cietati
310 2606 354 2667 illi
369 2623 439 2687 quae
455 2625 493 2667 ex
509 2605 636 2668 homine
655 2608 723 2668 erat
739 2605 908 2667 nascitura.

231 2700 321 2772 Quod
335 2717 431 2779 quum
449 2699 488 2760 de
503 2700 648 2761 omnibus
663 2699 703 2762 sit
715 2697 927 2775 societatibus,
943 2694 1031 2759 nulla
1042 2699 1122 2760 ratio
1233 2781 1235 2784 Ι

190 2797 238 2854 est
253 2811 310 2853 cur
326 2793 473 2854 Ecclesiae
493 2793 676 2872 denegetur,
695 2811 792 2874 quum
806 2791 874 2873 ejus
886 2791 1041 2854 ordinatio
1060 2810 1123 2854 nou

191 2886 273 2947 sinat
288 2885 441 2964 suspicari
455 2886 561 2946 media
574 2885 618 2946 illi
630 2885 716 2947 haud
725 2886 996 2948 t'uisseoonstituta
1010 2885 1123 2964 quibus

190 2979 287 3040 finem
306 2997 398 3040 suum
418 2981 649 3059 assequeretur.
674 2978 774 3058 Igitur
792 2979 908 3058 duplex
928 2977 986 3038 erit
1004 2983 1035 3037 et
1054 2975 1124 3056 qui-

189 3071 264 3132 dem
283 3071 407 3148 brevia,
434 3077 466 3132 et
485 3075 637 3151 quantum
660 3071 735 3132 satis
757 3075 804 3133 est
823 3070 864 3130 ad
882 3067 1027 3151 specialis
1041 3073 1124 3130 trac

191 3163 318 3226 tationis
335 3165 462 3245 plenam
480 3163 738 3244 intelligentiam,
760 3163 829 3224 hoec
851 3163 891 3223 de
913 3161 1036 3222 interno
1065 3162 1125 3223 Eo·

192 3256 295 3318 clesiae
317 3260 401 3318 statu
424 3255 597 3318 tractatio:
625 3256 726 3334 primo
750 3255 789 3316 de
812 3259 893 3314 stote
907 3273 1120 3336 perosorum,

193 3349 320 3410 demum
348 3349 387 3410 de
424 3356 505 3410 stato
535 3365 634 3410 rerum
661 3348 693 3409 in
721 3345 862 3410 Ecclesia
888 3366 1028 3428 agemus.
1061 3347 1123 3408 Sed

193 3441 268 3504 cnm'
292 3442 344 3504 ille
369 3443 446 3505 ordo
464 3439 613 3504 normalis
638 3443 706 3503 tum
735 3459 955 3522 personarum,
984 3442 1052 3503 tum
1073 3457 1124 3502 re-

970 3545 1016 3604 10*
1162 3577 1254 3984 j
