2484 4016
362 309 403 357 nu
425 307 554 358 οιιιιιο
574 309 656 358 runis
678 303 832 355 ιιιιιοιιιι.
1004 289 1065 356 tta

14 484 15 489 ¹
65 469 68 476 '
132 455 193 534 coll
204 453 313 532 nostri,
331 469 370 516 nc
391 454 537 518 videlicet
550 471 701 515 nauscam
719 457 825 532 posset
842 465 1002 532 opponere
1017 452 1066 514 in·-

130 548 211 612 civili
221 551 252 612 et
261 538 392 628 pauperi
405 547 538 610 incessui
547 545 806 624 mendicantium,
817 546 871 627 qui
880 545 972 607 alteri
982 547 1066 610 atati

131 642 328 705 venerationi
337 641 450 702 fuerat.

167 740 199 798 2⁰
221 737 311 798 Caeca
323 733 502 796 obedientia
516 735 534 798 J
537 733 708 796 ascitarum
718 732 843 796 videtur
857 732 954 794 fuisse
967 731 1067 796 virtus

131 828 258 910 speciali
272 827 366 890 modo
387 827 598 906 contraposita
607 827 681 889 vitio
696 824 870 888 dominanti
882 826 984 888 atatis
996 844 1067 888 nos·

130 930 207 1000 trae,
232 920 514 983 insuhordinationi
542 920 689 981 videlicet
717 918 964 997 rebellioniquc,
995 937 1065 998 qua

130 1017 231 1096 primo
251 1017 361 1076 contra
389 1013 632 1076 ecclesiasticam
650 1013 869 1074 auctoritatem
890 1031 909 1072 a
928 1012 1065 1074 Luthero

132 1109 276 1184 excitata,
290 1105 404 1169 deinde
418 1108 449 1168 in
471 1106 555 1168 civili
569 1106 678 1168 ordine
700 1105 844 1167 obtinuit.
863 1107 994 1184 Insuper
1011 1123 1067 1184 pe-

132 1201 248 1264 culiare
267 1199 407 1262 studium
421 1199 506 1280 qnod
520 1199 719 1262 confutandis
741 1198 890 1260 novitatis
908 1197 1066 1260 erroribus

132 1294 182 1356 hic
195 1294 272 1356 ordo
286 1313 324 1354 ex
336 1293 475 1355 instituto
487 1293 632 1371 suscepit,
644 1292 814 1352 manunam
827 1291 973 1352 Ecclesiae
987 1293 1066 1352 attu-

132 1385 168 1450 lit
192 1386 377 1464 utilitatem,
401 1389 437 1448 ut
459 1389 611 1465 tanquam
640 1384 818 1464 praecipuus
846 1382 1066 1445 haereticorum

132 1479 263 1542 malleus
288 1478 339 1540 hic
363 1478 440 1540 ordo
464 1478 588 1541 habitus
615 1481 673 1556 est.
701 1476 790 1540 Unde
814 1475 866 1538 hic
895 1476 1066 1556 praclarus

134 1572 209 1634 crdo
231 1575 298 1635 tum
317 1572 358 1633 ob
381 1571 531 1633 doctrinae
555 1571 725 1647 culturam,
751 1573 819 1632 tum
837 1568 877 1631 oh
901 1568 1063 1646 virtutum,

133 1665 270 1727 maxime
293 1664 479 1726 obedientias
502 1663 743 1743 professionem,
766 1661 891 1724 videtur
907 1662 1066 1724 institutus

132 1763 242 1823 contra
254 1757 330 1821 vitia
344 1758 505 1843 prasentia
519 1757 636 1818 saculi.

172 1855 204 1914 3ο
225 1853 364 1931 Operose
390 1851 503 1912 caritas
528 1849 628 1911 sancti
646 1849 802 1913 vincentii
817 1867 836 1910 a
852 1849 949 1910 Paulo
968 1851 1000 1910 et
1017 1847 1065 1909 in·

133 1945 312 2007 stitutorum
341 1961 411 2024 quae
435 1963 473 2004 cx
491 1943 544 2004 illo
568 1942 725 2022 primitivo
751 1943 783 2003 in
804 1939 871 2003 dies
892 1944 1067 2024 propagata

132 2041 205 2100 sunt
218 2041 250 2100 et
259 2040 486 2118 propagantur,
499 2037 575 2097 dum
588 2053 694 2097 exuna
709 2039 798 2116 parte
812 2035 946 2098 occurrit
960 2035 1067 2097 saeculi

133 2129 279 2213 querelis,
291 2149 360 2211 quae
373 2128 650 2210 contemplativam
658 2129 755 2191 vitam
764 2122 916 2211 tanquam
924 2125 1068 2191 inutilem

132 2227 163 2286 et
183 2224 316 2286 otiosam
334 2222 584 2299 calumniantur,
612 2241 651 2284 cx
677 2223 739 2283 alia
764 2223 994 2302 contraponunt
1016 2237 1069 2284 cae

132 2317 257 2380 ritatem
268 2315 473 2378 christianam
482 2315 604 2396 frigidae
619 2315 723 2377 saculi
735 2314 987 2396 philanthropia,
996 2334 1066 2396 quac

131 2413 254 2474 tantam
268 2429 301 2472 sc
315 2409 434 2472 extulit.
1159 2427 1163 2438 ·

502 2565 700 2630 APPENDIX.

272 2733 309 2778 nr
329 2731 396 2778 ιιιι
416 2729 554 2776 ιιιιιιιι
574 2730 606 2778 ιιι
623 2712 731 2778 annui
750 2731 785 2776 ιι
804 2730 941 2778 caninis.

172 2864 197 2924 1.
221 2859 494 2933 Quemadmodum
515 2878 552 2920 ex
567 2853 701 2950 amnone
716 2873 792 2949 sexu
813 2860 954 2922 Ecclesia
968 2861 1067 2922 chris-

5 2933 6 2972 *
132 2957 219 3018 tiana
230 2952 439 3029 constituitur,
455 2952 530 3014 sice
531 2953 680 3056 tutriquc
698 2944 785 3014 serim
777 2953 993 3084 evangeliea
993 2972 1069 3016 con-

134 3046 662 3128 suhaproposrtahahcnfur.1

174 3139 343 3221 Regularia
357 3138 497 3200 instituta
500 3153 584 3244 p,rp
601 3155 679 3199 sexu
693 3137 842 3201 feminino
857 3139 1066 3217 considerata,

134 3234 262 3296 luserunt
248 3232 401 3296 temnino
417 3227 636 3310 analogar
564 3234 636 3292 mstr
628 3230 712 3292 tutis
733 3249 803 3311 quae
819 3249 875 3312 pro
891 3251 967 3293 sexu
987 3187 1068 3294 virili

134 3326 295 3407 vigebant,
311 3323 456 3404 analoga
465 3337 590 3403 quoque
609 3323 727 3386 vicissit
704 3323 848 3388 tudines.
868 3325 1031 3388 Scimus
1001 3343 1070 3406 pios

134 3411 324 3511 religionum
337 3418 523 3479 fundatores
535 3417 678 3496 regulam
696 3431 791 3496 quam
807 3419 999 3497 scripserunt
1012 3436 1071 3497 pro

135 3512 222 3591 viris,
238 3505 362 3574 faminis
378 3503 564 3592 applicasse,
573 3506 645 3572 vel
636 3529 775 3590 1psorum
791 3511 859 3592 pias
870 3529 1003 3590 sorores,
1019 3513 1070 3575 vel
