2512 4012
174 300 233 363 220
382 308 609 362 rnsrrrnrrorus
631 309 713 360 roais
736 309 890 364 aaronica

171 459 421 542 jurisdictionem
436 459 590 539 episcopis
607 459 811 539 superiorem.
831 461 893 522 Sed
907 461 1122 543 intelligimus

176 554 235 615 hoc
267 552 393 614 nomine
432 552 608 632 simplicem
636 554 771 632 gradum
799 554 994 616 auctoritatis
1020 558 1122 636 quasi

176 646 371 726 episcopalis,

214 737 366 800 Dicuntur
381 739 441 800 hoo
454 757 547 798 sensu
557 739 666 800 ¹rn‘cora‘i
678 739 831 819 apostolici
841 739 899 801 viri
908 741 1120 804 ecclesiastici

176 831 228 911 qui
244 833 429 910 plerumque
448 831 615 910 episcopali
638 832 746 893 ordine
762 831 910 910 insigniti,
929 851 948 893 a
968 836 1119 897 Romano

175 923 326 985 Pontifice
339 923 380 984 ad
393 916 530 1003 aliquam
545 924 709 985 ecclesiam
724 925 773 985 vel
788 924 1038 986 constituendam
1056 929 1119 988 vel

175 1016 377 1078 constitutam
388 1017 565 1094 mittuntur,
593 1021 627 1078 ut
641 1016 767 1078 interim
780 1017 868 1096 quasi
885 1017 1021 1097 episcopi
1037 1038 1117 1081 eam

175 1113 296 1188 regant.
314 1109 435 1187 Duplex
448 1113 505 1185 est,
521 1112 556 1170 ut
570 1129 609 1170 ex
624 1109 715 1171 dictis
727 1114 824 1188 patet,
849 1109 963 1171 horum
977 1112 1119 1174 vicario-

175 1220 246 1262 rum
258 1201 378 1280 species
389 1201 524 1279 prolooo
538 1201 707 1264 vicariatus
723 1221 816 1282 quem
831 1203 1012 1265 sortiuntur.
1026 1207 1116 1266 Non-

175 1293 250 1354 nulli
273 1293 357 1354 enim
377 1293 544 1356 mittuntur
557 1295 598 1355 ad
612 1295 683 1356 loca
696 1294 869 1356 infidelium
888 1295 941 1356 uhi
958 1296 1115 1360 dioeceses

106 1381 109 1386 ’
175 1387 317 1448 nondum
338 1385 491 1448 distincta
506 1386 673 1464 habentur,
700 1406 758 1448 nec
776 1387 918 1450 instituta
932 1388 1116 1452 hierarchia

171 1479 633 1561 jurisdictionisecclesiastica.
647 1482 818 1559 Propterea
828 1481 994 1543 mittuntur
1006 1483 1114 1560 potius

175 1574 216 1634 ad
242 1572 493 1636 constituendam
530 1572 695 1634 ecclesiam
724 1591 819 1654 quam
847 1574 888 1634 ad
920 1575 1113 1654 gubernium

174 1667 257 1729 illius
270 1685 339 1747 qua
351 1665 419 1747 jam
433 1665 602 1727 constituta
621 1670 677 1728 est.

215 1759 275 1821 Alii
290 1778 365 1821 vero
381 1759 546 1821 mittuntur
567 1759 609 1819 ad
623 1759 761 1838 aliquam
776 1759 939 1821 ecclesiam
955 1779 1024 1841 quae
1040 1761 1111 1842 jam

177 1855 282 1914 erecta
297 1857 343 1914 est
366 1852 398 1911 in
410 1850 572 1912 dioecesim
590 1853 639 1914 vel
652 1851 822 1928 abbatiam,
838 1853 893 1913 sed
910 1872 967 1914 suo
979 1853 1111 1928 viduata

177 1949 224 2006 est
238 1949 374 2024 pastore,
397 1944 447 2004 vel
470 1944 557 2023 quasi
581 1945 720 2022 viduata,
740 1944 895 2025 siquidem
909 1945 997 2006 illum
1012 1947 1111 2010 habet

177 2038 359 2117 episcopum
381 2035 433 2117 qui
455 2037 504 2097 vel
524 2037 564 2097 ob
586 2036 813 2116 impotentiam,
839 2038 888 2099 vel
914 2039 954 2100 ob
969 2040 1106 2118 culpam,

175 2131 225 2192 val
239 2132 279 2192 ad
294 2120 418 2209 tempus
433 2131 483 2191 vel
499 2134 650 2209 perpetuo
664 2135 803 2192 remotus
816 2135 864 2192 est
878 2150 897 2192 a
912 2150 976 2194 suae
992 2133 1110 2194 dioece-

101 2271 103 2275 .
176 2241 246 2284 scos
281 2221 565 2296 administratione;
605 2223 658 2302 qui
685 2228 854 2303 propterea
881 2225 987 2286 stricto
1014 2245 1109 2287 sensu

175 2314 427 2376 administratores
436 2315 590 2396 apostolici
594 2316 700 2377 vocari
710 2317 820 2378 solent.
835 2316 886 2378 Sic
900 2317 1110 2380 determinata

176 2409 313 2486 notione,
334 2408 477 2490 datisque
499 2408 661 2488 speciebus
685 2408 779 2490 hujus
803 2410 921 2488 gradus
937 2411 1109 2474 auotorita-

175 2503 225 2580 ris,
238 2503 344 2583 aliqua
354 2503 519 2564 statuenda
531 2505 603 2564 sunt
612 2501 766 2582 principia
777 2503 817 2564 ad
828 2502 1007 2584 hujusmodi
1013 2503 1108 2584 juris·

177 2595 344 2658 dictionem
360 2595 642 2656 determinandam.

215 2689 310 2750 XXV.
329 2690 359 2748 1⁰
376 2691 494 2748 Horum
509 2687 603 2748 etiam
614 2686 788 2769 jurisdictio
800 2688 945 2768 delegata
957 2694 1015 2752 est.
1029 2693 1109 2752 Sunt

176 2779 260 2839 enim
272 2780 379 2840 vicarii
390 2801 398 2854 ;
416 2799 478 2840 non
493 2784 599 2842 autem
611 2779 719 2842 vicarii
732 2780 869 2860 episcopi
880 2782 987 2844 stricto
1000 2801 1105 2862 sensu,

176 2872 232 2934 scd
256 2871 364 2934 vicarii
391 2871 523 2933 Romani
549 2872 717 2934 Pontificis.
744 2875 813 2933 Non
837 2873 944 2935 vicarii
969 2875 1106 2954 episcopi

176 2965 283 3028 stricto
305 2984 397 3026 sensu
414 2984 420 3026 :
439 2984 512 3025 nam
537 2966 601 3027 lato
627 2965 753 3044 quidem
779 2984 873 3026 sensu
895 2967 977 3029 illius
998 2967 1106 3029 vicarii

177 3060 237 3122 dici
261 3063 401 3140 possunt,
427 3058 517 3139 cujus
540 3059 624 3120 vices
645 3061 769 3136 gerunt,
783 3058 835 3138 qui
850 3079 963 3139 nempe
978 3062 1029 3123 vel
1044 3079 1105 3123 non

177 3153 322 3231 habetur,
333 3153 383 3215 vel
396 3151 498 3232 potius
511 3169 574 3212 non
588 3155 634 3213 est
646 3151 900 3214 administranda
912 3172 976 3214 suae
990 3153 1107 3214 dioece-

176 3264 246 3306 seos
261 3265 377 3325 capax3
395 3265 457 3308 non
479 3249 585 3306 autem
597 3245 703 3306 stricto
719 3263 831 3322 sensu,
850 3250 1004 3325 quatenus
1025 3247 1106 3308 illius

177 3338 303 3400 nomine
318 3339 455 3419 episcopi
475 3342 626 3418 tanquam
646 3337 824 3400 mandantis
839 3339 892 3420 jus
907 3339 1030 3414 dicant,
1052 3337 1108 3400 sed

177 3431 302 3492 nominc
310 3433 443 3492 Romani
451 3430 609 3493 Pontificis
617 3431 706 3512 cujus
714 3435 786 3492 sunt
795 3431 974 3493 immediate
984 3429 1103 3493 vicarii.
1122 3513 1126 3520 ι

218 3525 285 3606 Qua
299 3522 338 3584 de
352 3541 447 3585 causa
463 3524 697 3608 distinguuntur
717 3525 757 3585 ab
772 3523 911 3606 episcopia
927 3523 1107 3608 ccctlp'atorr'7
