2512 4012
353 341 360 349 .
390 297 429 346 na
450 297 680 348 enarremus
702 299 859 349 coroner.
1029 291 1087 356 265

153 455 298 525 opusque
309 444 451 514 nondum
460 443 563 506 iuerat
573 445 758 523 perfectum.
769 449 883 524 Quare,
898 447 1035 510 sessione
1050 452 1088 511 25

153 537 186 598 in
212 539 288 615 fine,
315 555 383 598 rem
407 540 512 616 patres
534 537 759 600 commiserunt
781 539 901 620 jndicio
928 543 959 602 et
983 546 1089 604 auoto-

154 631 241 694 ritati
262 635 353 692 Rom.
377 629 552 704 Pontificis;
577 634 608 691 et
622 630 695 692 Pius
715 633 767 708 lv,
784 633 922 711 perfecto
943 634 1085 714 concilio,

153 724 294 786 indicem
306 724 390 785 hunc
402 722 516 784 iterum
531 723 713 802 publicavit.

197 818 261 880 Sed
278 820 349 895 post
369 815 463 896 hujus
483 815 594 877 indicis
609 818 904 896 promulgationem,
922 839 984 882 non
1006 822 1089 884 desi-

156 914 248 974 nerai
260 910 414 971 librorum
429 908 610 987 publicatio.
627 909 717 972 Unde
730 914 764 971 ut
776 929 854 989 opus
876 911 986 974 indicis
999 933 1088 976 suam

157 1005 290 1066 heberet
307 1001 584 1078 continuationem,
610 1001 751 1064 instituta
776 1007 822 1064 est
835 1022 855 1064 a
869 1005 959 1067 Rom.
986 1007 1089 1068 Ponti-

158 1098 216 1160 fica
241 1095 444 1176 congregatio
471 1095 581 1156 indicis
605 1098 649 1171 ut,
680 1095 713 1154 in
741 1114 780 1158 ca
803 1101 893 1175 parte
919 1117 1089 1177 pravorum

158 1191 311 1254 librorum
331 1187 565 1251 damnationem
585 1191 757 1266 spectante,
781 1190 946 1271 adjuvaret
959 1210 1090 1272 cougre-

158 1285 318 1365 gationem
346 1281 383 1343 So
405 1281 510 1358 officii,
537 1299 607 1360 quac
627 1280 721 1342 etiam
737 1282 778 1343 ad
793 1282 875 1345 hano
894 1285 1087 1364 provinciam

159 1379 309 1458 deputata
322 1378 399 1436 crat.

197 1472 327 1534 Constat
350 1471 457 1529 autem
480 1467 681 1546 congregatio
706 1468 817 1530 indicis
830 1469 972 1548 pluribus
986 1471 1089 1532 cardi-

159 1564 292 1641 nalibus,
307 1579 441 1642 quorum
451 1579 532 1622 unus
541 1561 704 1641 praefectos
716 1566 772 1623 est.
785 1563 887 1624 Habet
898 1563 1003 1642 pluras
1017 1582 1089 1626 con-

159 1659 292 1720 sultores
329 1660 397 1718 tum
421 1655 460 1716 da
486 1653 633 1730 seculari,
660 1657 728 1716 tum
754 1655 793 1716 da
816 1655 956 1736 regulari
986 1657 1086 1731 clero;

151 1751 255 1818 habat
288 1752 319 1811 et
349 1748 520 1825 ministroS,
545 1765 679 1827 quorum
702 1748 880 1826 primarius,
908 1749 962 1830 qui
976 1749 1090 1812 dicitur

160 1843 341 1917 secretarios,
358 1861 397 1902 cx
409 1840 519 1902 ordine
537 1839 783 1901 Praedicatorum
794 1841 928 1920 eligitur.

199 1937 280 1998 XXI.
303 1939 336 1996 4⁰
352 1932 546 2014 Conprepctio
558 1932 774 1994 consrstcrr'olis.
802 1935 828 1994 Α
849 1935 935 1996 Sixto
960 1937 987 1998 V
1005 1935 1090 1997 insti-

160 2032 227 2090 tuta
242 2031 289 2090 est
304 2025 536 2107 (constitutione
559 2024 725 2104 laumense),
743 2026 823 2088 sicut
835 2031 866 2088 et
880 2027 949 2089 aliea
961 2029 1031 2090 dua
1041 2047 1091 2089 se-

161 2124 303 2202 quentes
319 2121 372 2182 Sic
390 2118 650 2198 appellaturquia
664 2119 771 2180 desua
782 2119 974 2184 institutione
996 2125 1091 2184 estut

161 2215 201 2277 sit
210 2211 562 2276 consultrixconsistorii
571 2210 1091 2290 cardinalium,vidalicctinstituta

162 2311 208 2374 cst
231 2326 289 2387 pro
312 2304 515 2368 discutiendis
537 2304 596 2364 illis
621 2305 722 2366 causis
735 2306 1000 2370 consistoriaiibus
1019 2326 1088 2387 quae

161 2402 300 2482 aliquam
321 2399 483 2478 patiuntur
507 2397 763 2474 controversiam,
783 2401 817 2459 ut
838 2397 882 2460 ita
901 2399 1047 2461 discussae
1061 2404 1092 2462 et

161 2497 348 2574 praeparatae
369 2491 489 2571 possint
500 2491 532 2551 in
549 2489 768 2552 consistorium
787 2491 912 2567 deferri,
931 2492 1048 2554 decreti
1061 2497 1092 2554 at

162 2585 352 2650 definitionis
364 2584 476 2664 gratia.

202 2683 332 2743 Constat
342 2677 485 2757 pluribus
497 2673 721 2755 cardinalibus,
740 2677 896 2741 nonnullis
909 2675 1045 2756 praelatis
1061 2680 1092 2762 et

162 2793 218 2836 suo
230 2771 408 2835 secretario.

202 2867 297 2928 XXII.
321 2869 354 2928 5⁰
385 2863 579 2944 Coaprrpotio
602 2864 688 2925 Socr.
715 2865 848 2926 Bitunia.
869 2867 986 2926 Praecst
1003 2865 1092 2926 litur-

162 2959 223 3040 giae
243 2977 351 3035 sacrae,
371 2957 436 3018 sive
452 2960 486 3018 ut
504 2957 686 3018 moderetur
701 2958 917 3037 quotidianum
931 2975 1092 3018 sacrorum

159 3051 357 3128 exercitium,
378 3050 443 3112 sive
465 3053 500 3112 ut
514 3049 660 3111 discutiat
673 3054 703 3112 ct
720 3049 849 3112 definiat
864 3049 1092 3111 controversias

164 3145 203 3206 de
218 3143 448 3206 beatificatione
461 3146 494 3213 at¹
504 3141 737 3204 canonizatione
751 3146 941 3204 sanctorum.

204 3241 374 3300 consessus
397 3235 490 3316 hujus
519 3235 770 3315 congregationis
796 3235 875 3295 alter
903 3234 1090 3314 ordinarius,

163 3333 243 3394 attor
265 3328 530 3392 extraordinarius
550 3327 673 3390 dicitur.
702 3327 877 3389 ordinarius
895 3327 1041 3408 dirigitur
1053 3329 1093 3394 ad
1198 3337 1202 3344 '

164 3423 375 3487 moderandas
393 3421 566 3483 ordinarias
580 3421 754 3482 functiones
769 3421 869 3483 cultus
882 3421 1041 3483 christiani
1054 3455 1094 3468 -

165 3517 275 3580 sivein
297 3516 399 3578 forma
413 3513 562 3595 gratiosa,
586 3513 793 3594 indulgendo,
823 3514 1013 3598 mandando
1026 3514 1092 3578 sine
