2484 4016
377 278 416 324 nr
437 279 564 326 oavucro
584 278 667 326 coms
689 277 844 326 aaronica.
1015 264 1072 327 dil

144 420 255 483 raritas
277 421 507 503 conjunctionis
530 423 676 484 servatur
690 439 760 501 quae
774 421 835 484 fuit
852 421 972 503 epocha
987 425 1076 484 anle-

145 516 285 588 ccdcnti;
303 515 358 576 sed
378 515 446 575 baec
461 514 657 595 conjunctio,
679 515 753 576 licet
775 535 838 578 non
860 535 897 576 cx
921 515 1073 593 instituto,

144 609 197 668 sed
227 605 427 684 subsidiaria,
450 612 555 670 tamen
580 607 740 668 ordinaria
762 609 844 670 facta
871 613 935 682 est;
959 628 1014 670 seu
1042 609 1074 670 in

143 701 301 779 primitiva
314 701 452 778 epocha,
469 701 644 762 monachus
659 701 790 762 clericus
809 707 877 762 erat
888 702 1005 782 regulae
1022 721 1075 764 ex-

143 794 254 872 ceptio.
272 793 371 872 Igitur
385 795 410 853 si
432 795 565 854 clericus
583 794 691 870 fieret,
709 813 746 855 ea
759 797 865 855 tamen
878 795 917 855 de
932 813 1027 856 eausa
1041 795 1074 855 id

143 886 316 962 eveniebat,
337 890 372 946 ut
383 890 490 966 posset
509 905 599 946 sacra
613 887 776 947 monachis
788 887 980 965 ministrare,
999 889 1075 968 quin

143 979 272 1040 deberet
284 978 449 1058 episcopus
462 980 502 1039 ad
515 997 568 1040 eos
582 979 711 1040 clericos
721 980 856 1058 mittere,
871 980 919 1042 vel
933 980 993 1058 ipsi
1002 999 1074 1042 cum

143 1061 343 1132 detrimento
357 1072 430 1132 vitae
452 1072 599 1134 solitariae
628 1073 778 1140 accedere
802 1073 844 1134 ad
865 1072 1007 1153 publicas
1026 1092 1074 1136 cc·

142 1165 264 1226 clesias.

177 1259 240 1320 Sed
270 1259 419 1336 praesenti
446 1261 587 1338 periodo,
611 1260 786 1338 praesertim
814 1261 898 1321 circa
924 1261 1074 1321 saeculum

141 1350 322 1426 decimum,
349 1351 509 1412 ordinaria
533 1353 617 1412 tacta
638 1355 685 1413 est
705 1351 882 1432 conjunctio
909 1353 1072 1432 utriusque

139 1445 229 1521 vitae,
257 1462 321 1522 qua
341 1444 402 1504 duc
427 1447 644 1523 profluxerunt
660 1464 666 1504 :
684 1447 716 1504 l⁰
737 1444 886 1524 distingui
911 1448 1075 1524 coeperunt

138 1536 287 1599 monachi
301 1537 459 1598 ordinario
470 1537 502 1598 in
515 1539 645 1599 clericos
658 1542 689 1600 et
699 1538 807 1614 laicos,
820 1557 875 1598 seu
889 1556 1071 1612 conversos;

136 1631 167 1691 2⁰
182 1630 334 1690 accedere
348 1629 444 1708 coepit
457 1632 529 1691 vitae
544 1631 726 1691 mouaslicae
742 1632 889 1710 quaedam
900 1631 981 1692 actio
997 1650 1073 1709 pro-

137 1724 206 1802 pria
221 1723 404 1800 clericatus,
431 1742 493 1802 qua
507 1724 625 1784 factum
641 1727 697 1800 est,
715 1729 750 1784 ut
770 1723 939 1798 monachi,
955 1723 1028 1784 licet
1041 1724 1072 1784 in

138 1816 315 1878 subsidium
331 1816 434 1877 clerici
448 1817 608 1894 secularis,
623 1822 730 1876 tamen
751 1819 786 1876 ut
809 1815 850 1875 ad
864 1814 1072 1876 ministerium

138 1910 283 1971 clericale
306 1909 513 1970 exercendum
542 1927 613 1970 cum
640 1909 716 1989 ipsis
751 1908 977 1969 concurrerint.
1006 1911 1072 1970 lmo

136 2004 309 2064 maximam
323 2003 450 2062 laudem
464 2003 497 2061 in
517 2020 554 2062 co
570 2002 745 2064 exercendo
770 2001 829 2062 sibi
851 2005 1073 2079 compararunt

130 2096 309 2157 maximam
323 2115 388 2173 prae
399 2095 520 2156 clericis
536 2094 729 2155 secularibus
745 2093 1005 2154 existimationem
1015 2113 1073 2172 po-

135 2189 296 2268 pulorum,
314 2189 354 2249 ob
369 2188 560 2266 singularem
575 2187 647 2248 vitac
661 2187 869 2248 sanctitatem.
885 2190 949 2248 Nec
964 2186 1072 2248 defue-

133 2286 209 2342 runt
228 2281 358 2358 quidam
381 2281 463 2341 inter
478 2280 660 2357 monachos,
678 2280 731 2359 qui
755 2279 852 2340 vitam
876 2280 1071 2357 apostolatus

134 2379 351 2451 susceperunt,
373 2372 417 2433 ita
440 2375 475 2433 ut
492 2372 598 2451 plures
617 2375 726 2450 gentes
743 2371 843 2432 ordini
868 2371 1068 2433 benedictino

136 2465 298 2544 Evangelii
309 2465 569 2545 propagationem
585 2465 772 2526 debuerunt.

175 2562 208 2619 5⁰
229 2559 387 2620 Accedere
406 2559 501 2637 coepit
512 2558 740 2619 monachorum
752 2556 965 2638 superioribus
977 2575 1069 2636 regu-

135 2651 254 2712 laribus
280 2654 311 2712 et
330 2651 506 2732 jurisdictio
523 2651 666 2730 quaedam
691 2649 782 2730 quasi
807 2649 992 2730 episcopalis
1010 2669 1068 2729 pro

137 2745 225 2820 locis,
243 2745 352 2804 castris
373 2744 423 2805 vel
438 2743 561 2822 oppidis
579 2743 770 2804 monasterio
792 2742 955 2823 subjectis;
979 2743 1066 2820 imo,

138 2837 305 2916 aliquando
322 2837 416 2897 etiam
425 2837 499 2917 jura
513 2837 633 2916 regalia
642 2855 697 2896 seu
711 2836 850 2898 feudalia
863 2854 932 2916 quac
948 2836 1068 2915 episcc-

137 2930 262 3008 patibus
277 2930 372 2991 etiam
388 2929 543 3010 perillam
559 2933 685 2990 aetatem
700 2930 930 3009 competebant,
947 2928 979 2988 in
993 2931 1068 2989 Ger-

136 3023 241 3083 mania
267 3023 464 3101 petissimum
487 3040 657 3082 accessere.
690 3024 764 3094 Quae
786 3023 891 3084 omnia
912 3021 943 3082 id
972 3021 1066 3082 etiam

136 3120 309 3195 sequuntur
323 3115 408 3194 quod
430 3115 496 3176 vita
513 3115 616 3176 activa
638 3115 754 3194 magis,
772 3115 935 3194 magisque
956 3132 1067 3176 mona-

136 3207 255 3270 chismo
272 3207 526 3289 conjungeretur.

172 3305 210 3363 X.
244 3304 318 3362 Haec
351 3302 389 3362 de
432 3300 539 3361 indole
567 3300 774 3362 monachismi
799 3300 897 3378 ipsius
930 3299 1062 3378 periodi.

134 3397 221 3457 Nunc
245 3394 284 3455 de
308 3395 437 3457 utilitate
458 3411 527 3472 quae
551 3411 588 3452 ex
611 3393 680 3472 ipso
700 3392 731 3454 in
751 3392 923 3454 Ecclesiam
947 3393 1065 3452 redun-

134 3487 231 3551 davit.
268 3535 272 3540 ·
