2484 4016
203 333 261 399 290
412 345 641 396 lnsmrurlortss
662 347 745 393 JUlllS
769 347 923 393 erronica

202 520 371 582 minantur.
385 521 440 582 Est
451 519 534 580 enim
547 519 654 598 populi
666 517 806 580 officium
820 521 856 580 ut
864 516 1068 597 potestatibus
1081 535 1128 576 su-

201 614 397 676 blimioribus
418 612 562 674 subditus
575 613 629 686 sit3
646 615 694 673 est
715 630 790 673 vero
804 611 911 691 populi
922 611 973 692 jus
983 613 1019 672 ut
1035 629 1054 672 a
1070 607 1127 670 suis

171 769 180 790 ,
201 706 438 786 magistratibus
459 704 640 785 provideat
660 708 745 767 recta
766 705 969 784 gubernetur.
993 703 1129 764 Praesunt

201 803 306 862 autem
319 799 422 862 clerici
432 804 499 862 tum
512 798 630 861 ordinis
638 798 822 875 ministerio,
832 801 900 859 tum
908 795 1128 878 jurisdictionis

200 893 350 973 imperi03
368 912 442 974 ergo
457 891 671 973 laicorumjus
686 891 777 954 estin
803 891 943 952 Ecclesia
954 893 990 951 ut
1001 889 1068 951 sive
1085 907 1130 949 sa-

201 989 436 1049 cramentorum
451 983 625 1046 ministerio
648 985 892 1062 sanctificentur,
914 983 979 1044 sive
991 981 1129 1065 jurisdic-

200 1079 295 1142 tionis
305 1079 438 1159 imperio
455 1080 682 1159 gubernentur.

242 1172 305 1234 Sed
319 1171 589 1252 quemadmodum
602 1172 685 1233 intra
708 1171 855 1233 eumdem
869 1174 987 1233 statum
1012 1170 1128 1232 clerica-

200 1266 263 1327 lem
277 1265 357 1327 varii
371 1269 444 1327 sunt
465 1264 652 1326 clericorum
673 1265 800 1345 gradus,
817 1264 861 1326 ita
881 1269 912 1326 et
923 1265 1006 1326 intra
1019 1267 1129 1326 statum

200 1359 345 1421 laicalem
360 1358 438 1420 varii
452 1362 525 1420 sunt
536 1357 689 1420 laicorum
702 1358 844 1433 ordines3
860 1361 892 1420 et
903 1358 994 1419 sicuti
1010 1357 1128 1419 clerico-

201 1471 272 1514 rum
281 1456 349 1515 tum
356 1451 568 1532 singulariter,
580 1455 648 1514 tum
656 1451 859 1530 collegialitar
871 1455 1079 1531 sumptorum,
1088 1450 1127 1510 ita

201 1550 232 1608 et
241 1545 394 1608 laicorum
406 1549 504 1607 status
519 1543 746 1607 consideratur.
764 1545 879 1607 Ordine
889 1545 986 1625 igitur
1000 1545 1126 1623 analoga

201 1639 285 1701 hunc
308 1639 435 1701 titulum
458 1638 490 1699 in
508 1638 570 1700 duo
586 1638 690 1717 capita
711 1638 897 1716 dividemus,
924 1636 1127 1719 quorumpri-

200 1751 288 1794 mum
301 1733 340 1794 de
360 1731 485 1814 juribus
504 1751 574 1813 quae
595 1731 683 1794 laicis
697 1730 879 1812 singillatim
901 1733 1035 1812 sumptis
1049 1749 1127 1794 com-

201 1829 322 1906 petunt,
350 1825 484 1888 alterum
504 1823 543 1887 da
564 1825 659 1888 variis
684 1826 834 1889 classibus
859 1825 1019 1889 laicalium
1040 1825 1127 1888 colle-

201 1937 337 1998 g10rum.

540 2050 644 2105 CAPUT
660 2050 796 2106 PRIMUM.

233 2193 269 2232 DE
291 2192 406 2232 surmus
423 2191 485 2239 QUAE
500 2193 589 2233 Lnlcls
605 2195 782 2234 smfflttu'rnl
798 2195 912 2237 SUMPTIS
928 2195 1099 2238 comessum.

241 2309 273 2374 Si
285 2309 360 2392 jura
373 2310 405 2370 at
423 2309 527 2372 officia
541 2312 732 2391 pensitamus
743 2330 813 2393 quae
827 2313 928 2376 laicali
943 2315 1128 2378 conveniunt

203 2405 310 2483 coetui,
328 2403 524 2466 eavidentur
538 2406 579 2466 ad
594 2406 656 2467 duo
677 2407 838 2486 generalia
860 2408 964 2487 oapita
990 2405 1127 2471 revocari

203 2516 317 2577 posse:
339 2497 372 2558 in
391 2498 495 2559 laicali
517 2502 600 2561 statu
621 2503 694 2560 sunt
715 2500 894 2564 communia
915 2505 946 2563 et
959 2501 1124 2582 generalia,
1212 2539 1213 2542 =

202 2591 315 2652 deinde
342 2592 490 2672 specialia
511 2595 542 2652 et
566 2591 747 2670 singularia.
769 2595 858 2656 Unde
870 2594 939 2656 haao
953 2596 1056 2674 prima
1069 2593 1127 2654 dis-

202 2685 342 2762 sertatio,
364 2703 427 2765 qua
440 2685 643 2764 inquirendos
657 2688 877 2765 proposuimus
896 2688 1036 2750 diversos
1051 2685 1125 2749 ordi-

202 2795 258 2838 nes
270 2777 423 2838 laicorum
438 2778 618 2858 singillatim
629 2783 835 2859 sumptorum,
850 2782 882 2842 in
894 2782 973 2844 duos
984 2781 1126 2844 dividitur

203 2870 350 2932 articulos
372 2870 427 2931 :in
440 2871 547 2951 priori,
573 2891 703 2952 agemus
725 2874 764 2935 de
786 2875 1036 2936 distinctionibus
1050 2875 1126 2934 inter

203 2964 300 3025 laicos
315 2982 385 3044 quae
401 2964 544 3026 oriuntur
560 2983 598 3025 ax
619 2965 742 3046 juribus
759 2967 865 3028 laicali
891 2969 984 3029 statui
999 2969 1031 3028 in
1046 2983 1126 3029 com-

203 3057 290 3119 muni
307 3059 569 3137 competentibus3
587 3059 619 3118 in
634 3061 810 3138 posteriori,
828 3062 866 3122 de
882 3060 1124 3124 distinctionibus
1210 3129 1211 3138 χ

203 3151 356 3213 laicorum
371 3169 440 3231 quae
457 3151 599 3213 oriuntur
614 3171 652 3214 ex
660 3153 784 3234 juribus
795 3173 865 3235 quae
879 3158 1059 3236 competunt
1069 3151 1125 3214 sin·
1210 3141 1211 3160 ³

204 3244 287 3326 gulis
301 3245 399 3308 laicis
