2514 4014
198 267 237 329 68
409 279 638 325 msnrunonus
658 279 740 326 runis
763 277 916 326 cruorum.

199 427 293 488 modo
317 424 385 485 haec
411 424 603 503 perpetuitas
627 422 817 486 verificatur.
840 427 919 484 Nam
934 423 1134 504 perpetuitas

198 519 325 599 propria
357 519 464 597 legum
489 517 739 597 dogmaticarnm
766 517 960 597 perpetuitas
986 519 1134 580 absoluta

198 616 255 688 est,
272 612 317 672 ita
330 612 465 672 utnulla
482 629 621 691 uuquam
635 610 836 687 auctoritate,
854 630 911 671 nec
922 611 1060 671 humana
1070 630 1133 681 neo

198 705 303 766 divina
318 705 423 781 etiam,
444 705 494 765 lex
509 703 689 783 dogmatica
711 705 808 764 semel
829 722 865 763 ao
883 705 1044 782 proposita
1068 709 1129 782 est,

198 797 295 878 possit
311 797 495 858 modificari.
520 799 639 857 Natura
653 797 737 856 enim
751 797 864 869 harum
886 797 993 875 legum
1016 814 1054 858 ea
1068 801 1128 874 est,

198 891 282 971 quod
309 891 341 950 in
367 890 434 968 ipsa
457 889 625 951 intrinseca
651 908 756 950 rerum
785 889 915 951 veritate
943 890 1127 951 fundantur.

197 987 367 1063 Propterea
377 983 416 1043 de
430 981 569 1043 veritatis
584 982 835 1043 immutabilitate
847 983 1044 1062 participant.

238 1078 300 1138 Sed
320 1078 406 1155 leges
427 1075 641 1155 disciplinares
664 1093 703 1135 ea
726 1079 849 1137 tantum
862 1075 1002 1155 gaudent
1015 1093 1130 1154 perpe-

198 1169 309 1230 tuitate
323 1187 385 1248 qua
399 1169 536 1247 gaudere
551 1168 653 1229 solent
663 1168 809 1229 humanae
822 1169 918 1247 leges,
932 1186 1001 1248 quae
1014 1186 1129 1247 nempe

197 1263 293 1323 semel
308 1279 345 1322 ao
360 1261 451 1321 aditae
466 1260 596 1337 fuerint,
614 1279 651 1321 eo
676 1279 776 1341 usque
800 1261 908 1340 vigere
933 1265 963 1323 et
987 1260 1128 1339 obligare

198 1357 430 1434 praesumuntur
448 1372 611 1433 quousque
632 1372 695 1414 non
714 1354 830 1415 fuerint
843 1356 1008 1416 revocatae.
1026 1357 1129 1414 Revo-

199 1451 310 1508 cantur
325 1450 431 1508 eutem
446 1446 557 1506 eadem
570 1447 754 1509 auctoritate
771 1466 833 1526 qua
846 1447 917 1508 latae
932 1450 1014 1523 sunt,
1031 1445 1129 1525 siqui-

198 1542 270 1602 dem
289 1559 339 1602 res
359 1539 470 1601 iisdem
493 1538 605 1620 quibus
628 1544 799 1601 nascuntur
824 1540 937 1617 caesia,
960 1543 991 1600 et
1016 1538 1129 1614 dissol-

196 1638 323 1696 vuntur.

236 1730 274 1788 ll.
299 1728 387 1789 Unde
403 1727 485 1788 hanc
500 1726 655 1788 theoriam
669 1724 855 1806 applicando
879 1725 1019 1786 dicemus
1042 1725 1127 1805 quod

197 1839 269 1882 cum
278 1824 476 1881 summatum
485 1820 516 1879 in
529 1839 592 1881 uno
606 1822 746 1880 Romano
757 1818 918 1897 pontifice,
933 1823 999 1880 tum
1010 1818 1042 1878 in
1052 1837 1128 1879 con-

197 1913 267 1974 cilio
284 1911 476 1975 oecumenico
492 1914 550 1974 sub
566 1931 603 1972 eo
618 1912 757 1991 legitime
778 1916 969 1992 congregato
992 1911 1128 1972 auctori-

197 2009 244 2066 tas
259 2004 445 2082 reperiatur,
461 2025 499 2066 ex
514 2005 604 2067 dictis
614 2005 829 2067 indifferenter
839 2006 892 2067 vel
902 2004 1127 2086 perPontificis

196 2097 432 2159 constitutiones
444 2098 649 2160 conciliorum
663 2097 846 2176 canonibus,
861 2099 912 2159 vel
922 2117 979 2178 per
989 2115 1126 2158 oenones

196 2191 400 2252 conciliorum
430 2190 624 2270 generalium
657 2190 929 2252 constitutionibus
956 2189 1123 2269 pontificiis

196 2283 348 2362 derogare
362 2284 409 2344 fas
421 2287 477 2345 est.

236 2375 287 2437 Sic
307 2379 338 2438 et
362 2379 478 2438 statuta
501 2377 678 2457 legatorum
703 2371 961 2455 apostolicorum,
986 2393 1121 2436 canones

196 2468 398 2530 conciliorum
413 2470 477 2530 sive
491 2470 703 2546 nationalium‚
720 2469 785 2530 sive
806 2468 1055 2548 provincialium,
1068 2468 1121 2527 de-

196 2565 281 2622 creta
304 2562 520 2641 episcoporum
536 2563 795 2638 dioecesanorum,
823 2562 873 2621 vel
888 2562 920 2621 in
935 2560 1056 2639 synodo
1071 2561 1121 2621 vel

195 2658 283 2716 extra
297 2655 453 2733 synodum
465 2655 546 2731 lata,
561 2654 650 2716 novis
664 2655 786 2716 statutis
807 2655 984 2734 legatorum
998 2655 1121 2731 aposto·

193 2746 335 2823 licorum,
353 2747 441 2808 novis
464 2747 672 2808 decisionibus
696 2747 760 2808 sive
776 2746 979 2808 conciliorum
993 2746 1121 2824 provin-

194 2839 330 2915 cialium,
347 2840 436 2900 novis
450 2834 653 2918 synodalibus
673 2840 722 2901 vel
744 2840 973 2919 episcopalibus
988 2838 1120 2899 decretis

193 2932 423 2994 modificantur.

233 3029 299 3087 Hoc
314 3025 415 3087 solum
439 3025 752 3086 animadvertendum
775 3030 822 3086 est
847 3024 905 3086 hac
930 3026 962 3086 in
981 3044 1015 3085 re
1036 3025 1120 3105 quod

193 3138 265 3180 oum
279 3119 311 3179 in
326 3122 494 3199 systemate
505 3118 704 3179 ecclesiastici
720 3118 890 3199 regiminio,
908 3138 946 3179 ex
952 3118 1020 3198 jam
1030 3117 1120 3178 dictis

192 3212 390 3288 reperiantur
404 3211 597 3292 legislatores
618 3211 848 3292 legislatoribus
868 3211 1056 3290 superiores,
1073 3211 1121 3270 in-

192 3303 342 3364 feriorum
355 3309 460 3366 autem
478 3304 647 3366 auotoritas
657 3305 831 3366 virtualiter
842 3306 893 3366 vel
903 3305 1076 3366 eminenter
1087 3304 1119 3363 in

193 3396 361 3476 superioris
372 3398 557 3460 auctoritate
566 3397 772 3475 contineatur,
780 3398 854 3459 inde
864 3399 899 3459 fit
909 3401 943 3459 ut
951 3396 1118 3477 aliquando

192 3488 361 3571 superioris
381 3490 565 3552 auctoritate
579 3491 694 3550 cassari
707 3490 756 3552 vel
771 3490 930 3552 obliterari
944 3490 1042 3567 possit
1055 3489 1116 3566 lex,
