2546 4016
348 339 456 388 toarci
478 334 629 386 sirenus
650 340 732 386 roris
755 340 909 388 oruorron
1034 328 1090 389 m

149 481 309 566 speciale,
330 497 406 545 nam
425 502 490 546 non
515 487 562 546 est
583 485 652 563 lex,
677 485 732 546 sed
754 485 921 565 peruliaris
945 486 1090 566 quadum

156 576 351 640 constitutio.
365 579 413 638 lta
427 577 532 657 quoad
545 578 692 640 formam.

198 671 261 734 Sed
285 670 449 749 dispositio
475 671 703 750 comprehenso
725 671 757 732 in
781 671 952 754 rescripto,
975 691 1089 755 nempe

153 765 243 846 quod
257 764 424 844 episcopus
441 764 582 846 conferat
593 765 748 826 benefioia
761 765 954 844 dioeoesana,
967 769 1015 829 est
1028 766 1089 828 dis·

154 857 269 938 positio
289 857 370 938 juris
391 857 566 918 eommunis
588 876 683 937 quam
702 877 765 920 non
783 877 950 938 possumus
972 878 1088 939 preasu-

154 969 243 1012 mere
256 953 348 1012 Rom.
365 950 548 1012 Pontificem
566 949 738 1030 ignorasse.
757 954 976 1031 Supponamus
992 953 1088 1032 igitur

155 1044 243 1125 quod
256 1043 331 1105 lieet
344 1043 451 1112 ablata
463 1043 690 1122 reservatione,
708 1044 747 1106 de
759 1046 842 1106 faoto
857 1063 914 1126 per
928 1045 1085 1125 quoddam

154 1136 344 1216 rescriptum
363 1137 503 1199 conferat
524 1137 652 1217 aliquod
672 1137 860 1202 beneficium
881 1157 920 1199 ex
942 1138 1001 1200 illis
1016 1157 1086 1218 quae

154 1234 250 1292 antea
267 1231 422 1293 cadebant
436 1230 494 1300 sub
508 1227 740 1294 reservatione:

166 1384 170 1390 .
196 1323 364 1402 Quaeritur‚
383 1324 596 1404 pugnantibus
618 1324 740 1386 duobus
753 1325 920 1405 rescriptis
936 1325 1086 1406 (rescrip-

153 1422 223 1480 tum
239 1417 404 1480 ablationis
419 1417 640 1480 reservationis
658 1422 689 1481 at
704 1419 890 1499 rescriptum
909 1418 1085 1480 eoncessio-

153 1511 228 1592 nis),
240 1511 401 1590 quodnam
411 1510 582 1592 praevaleat
591 1523 629 1573 ex
639 1511 698 1573 his.
708 1511 740 1574 Si
752 1515 855 1574 essent
864 1512 926 1574 duo
935 1512 1087 1590 rescripta

150 1621 228 1688 vere
247 1604 406 1684 specialia,
419 1605 604 1684 praevaleret
622 1605 791 1685 antiquius.
810 1605 872 1666 Sed
894 1622 966 1666 oum
987 1622 1085 1665 unum

151 1698 192 1759 sit
207 1697 343 1778 speciale
361 1697 464 1780 quoad
483 1697 738 1778 formam,‚seous
759 1701 864 1760 autem
885 1697 990 1778 quoad
1004 1715 1081 1776 rem,

144 1791 222 1876 [ideo
246 1791 403 1872 praevalet.
423 1791 597 1870 reoentius,
619 1795 749 1872 propter
770 1790 960 1871 principium
984 1811 991 1853 :
1016 1809 1083 1870 spe-

151 1885 215 1946 oies
238 1885 371 1964 derogat
393 1886 519 1966 generi;
547 1885 625 1947 illud
652 1886 736 1947 enim
763 1885 849 1967 quod
875 1903 938 1948 non
961 1889 1083 1948 tantum

151 1979 258 2059 quoad
271 1979 428 2058 formam,
445 1979 501 2040 sed
522 1979 617 2040 etiam
638 1980 743 2060 quoad
765 1998 833 2041 rem
856 1979 991 2060 speciale
1015 1983 1078 2055 est,

149 2074 312 2151 praevalet.

188 2168 237 2228 lta
251 2170 283 2228 et
299 2166 337 2227 de
352 2165 504 2228 similibus
519 2165 642 2228 casibus
663 2165 696 2227 in
717 2166 830 2247 quibus
845 2185 943 2228 unum
953 2185 991 2228 ex
1005 2183 1080 2228 oon-

141 2259 347 2322 ourrentihus
361 2259 519 2340 rasoriptis
532 2279 596 2322 non
608 2260 747 2322 nouduet
761 2260 819 2322 uisi
832 2260 885 2342 J'us
899 2277 1075 2338 commune,

145 2355 221 2416 tunc
236 2353 453 2415 consideratur
466 2353 511 2414 uti
527 2354 577 2415 lex
586 2354 752 2434 generalis,

143 2489 147 2494 ·
185 2447 267 2515 XIV.
281 2447 471 2515 ,Notandum
490 2449 537 2510 est
550 2446 583 2507 in
592 2448 654 2508 fine
670 2445 764 2527 hujus
779 2445 889 2526 eapitis
908 2465 915 2506 ε

140 2615 143 2620 ¹
187 2544 218 2602 1⁰
239 2540 412 2604 Praemissae
435 2558 542 2602 omues
557 2540 674 2622 regula
690 2557 753 2602 non
770 2542 843 2600 sunt
865 2537 923 2600 nisi
946 2537 1076 2600 totidem

141 2635 422 2719 praesumptionem
439 2652 514 2714 ergo
528 2637 667 2698 mentem
682 2633 821 2714 dirigunt
834 2633 867 2693 in
885 2631 999 2705 dubi03
1020 2629 1075 2691 sed

144 2729 262 2791 cedunt
273 2732 390 2810 apertae
401 2726 536 2806 veritati.

183 2827 216 2885 2⁰
247 2826 303 2886 Hae
337 2819 597 2903 praesumptiones
627 2819 795 2906 aliquando
824 2823 955 2902 possunt
981 2817 1073 2880 simul

143 2934 331 2982 oouourrere
346 2917 378 2978 in
390 2915 645 2996 interpretatione
657 2915 749 2976 unius
764 2911 1070 2996 ejusdemquelegis;

142 3012 345 3094 sedpossuut
359 3009 489 3090 reperiri
499 3009 531 3068 in
544 3007 682 3087 plurium
691 3009 798 3088 legum
813 3007 958 3070 oonssiotu
974 3015 987 3066 τ’
997 3007 1072 3064 tuno

141 3103 509 3186 prudentiaeiuterpretis
522 3121 590 3164 esse
606 3100 700 3162 debet
713 3101 799 3162 illam
811 3099 959 3179 praeferre
976 3113 1071 3176 quam

141 3199 364 3280 praevalentem
386 3215 443 3278 per
463 3215 496 3257 se
521 3193 679 3276 dijudicet.
697 3195 741 3254 De
772 3193 832 3254 hoo
853 3209 928 3254 vero
953 3189 1070 3270 regul'ae

140 3291 209 3357 dari
235 3311 300 3356 non
320 3294 467 3371 possunt3
484 3290 539 3352 sed
554 3287 725 3350 universim
739 3305 789 3351 res
811 3302 939 3364 prorsus
954 3283 1070 3365 pandet

143 3405 180 3448 ex
201 3385 322 3470 judicio
344 3384 493 3466 practico,
510 3382 562 3445 vel
589 3381 640 3445 illo
668 3398 761 3442 sensu
780 3377 892 3440 morali
920 3397 1014 3459 quem
1038 3377 1070 3436 in
1121 3370 1122 3375 ’

140 3470 383 3562 interpretandis
398 3477 499 3540 causis
527 3477 670 3538 assuetus
685 3471 829 3554 acquirit,
844 3471 959 3553 quique
975 3469 1068 3550 vulgo

140 3573 255 3638 dieitur
273 3572 424 3634 criterium
445 3569 546 3652 lepole.
