2546 4016
379 274 486 322 marca
509 275 661 323 sauciaris
680 275 764 323 rums
785 273 939 323 oenomai.
1063 263 1119 326 let

187 420 275 500 quod
287 419 313 480 si
323 419 402 480 tales
415 437 448 480 se
462 419 600 482 habeant
612 419 792 502 hujusmodi
802 420 899 498 leges,
913 417 987 482 lieet
997 421 1119 486 silentio

188 513 231 574 ab
253 512 395 573 Ecclesia
421 512 607 590 praeteritae,
642 531 713 592 quea
739 512 824 574 credi
859 531 921 574 non
942 514 1062 592 possint
1079 515 1120 577 ab

187 605 331 668 Ecclesia
346 605 442 666 fuisse
457 605 616 683 probatos,
633 605 753 667 nullum
775 605 903 668 omnino
918 607 1120 686 suppeditare

188 701 318 779 possent
333 697 365 757 in
385 717 418 758 re
445 698 596 760 canonica
621 701 851 778 argumentum.
880 700 946 761 Hoc
967 700 1071 763 evenit
1093 702 1118 764 si

187 791 276 870 leges
289 789 468 870 hujusmodi
483 791 684 872 disponerent
698 791 736 852 de
749 809 784 850 re
803 809 865 862 non
876 793 1014 871 proprie,
1031 794 1070 854 de
1085 814 1119 856 re

188 884 310 946 scilicet
331 883 552 960 ecclesiastica,
569 885 618 946 vel
638 884 662 945 si
684 883 902 946 ecclesiastica
925 884 1119 964 dispositioni

188 979 296 1039 essent
310 975 484 1038 contrariae.
497 977 587 1039 Unde
602 977 721 1039 Bened.
747 978 841 1054 xlv,
864 977 917 1039 lib.
930 982 960 1055 9,
976 997 1002 1039 e.
1018 983 1067 1057 lt,
1080 981 1119 1041 de

188 1089 260 1150 syn.
291 1069 397 1146 dica,
417 1073 584 1148 postquam
600 1071 732 1132 asseruit
752 1070 933 1132 universum
951 1071 1004 1151 jus
1029 1071 1118 1134 civile

188 1163 445 1244 praesumendum
470 1181 537 1224 esse
560 1164 600 1223 ab
630 1162 769 1224 Ecclesia
793 1164 981 1241 probatum,
1008 1164 1120 1227 limitat

188 1260 297 1319 tamen
319 1255 401 1316 hanc
414 1257 690 1335 praeumptionem
707 1256 764 1317 suh
783 1274 821 1316 ea
839 1256 1017 1319 conditione
1035 1259 1119 1338 quod

184 1349 239 1431 jus
249 1347 341 1410 civile
352 1347 497 1426 disponat
507 1348 546 1410 de
554 1367 588 1410 re
600 1367 686 1410 mere
694 1349 836 1427 prolana,
849 1368 907 1410 nec
921 1351 1018 1412 saeris
1028 1368 1119 1413 cano·

189 1441 488 1504 nibusadversetur.

244 1607 281 1647 111.
295 1605 395 1656 Deserto
405 1605 511 1656 protenus
522 1607 554 1646 art
563 1605 614 1655 sone
626 1612 740 1646 mrem
751 1611 858 1646 maenum
868 1604 1065 1658 interpretationis,

231 1739 282 1799 XI.
309 1739 387 1798 Cum
406 1737 481 1797 nulli
499 1737 613 1798 dentur
627 1755 763 1798 canones
781 1737 821 1796 ab
835 1733 975 1798 Ecclesia
989 1755 1009 1797 a
1023 1737 1119 1816 priori

189 1834 221 1893 et
234 1829 266 1890 in
280 1829 437 1890 abstracto
451 1829 578 1907 conditi,
595 1831 649 1890 sed
663 1848 771 1890 omnes
782 1832 848 1890 tum
858 1829 1039 1908 dogmatici,
1053 1834 1120 1892 tum

188 1923 417 2002 disciplinares,
430 1923 479 1982 vel
492 1922 689 1984 occasionem
702 1923 752 1982 vel
763 1921 1027 2001 opportunitatem
1037 1922 1118 1985 naet‘

188 2016 307 2078 luerint
326 2015 358 2075 in
377 2019 528 2095 tempore,
549 2015 621 2076 inde
641 2019 688 2076 est
702 2016 786 2095 quod
800 2019 977 2094 temporum
990 2015 1120 2078 eircum-

189 2108 312 2171 stantiae
329 2109 360 2168 in
373 2127 480 2170 omnes
496 2108 661 2170 canonicas
676 2108 894 2187 dispositiones
909 2108 1012 2188 aliquo
1025 2109 1119 2170 modo

188 2201 381 2277 influxerint,
398 2201 522 2281 illaeque
537 2202 576 2261 de
591 2205 732 2280 tempore
747 2220 802 2262 seu
817 2200 856 2260 de
867 2200 905 2261 iis
919 2200 1119 2262 circumstan-

188 2295 239 2356 tiis
250 2293 478 2373 aiiquantulum
492 2293 758 2372 participaverint.

228 2386 306 2448 Inde
318 2386 385 2467 jam
397 2385 610 2464 tradebamus,
627 2387 660 2446 in
679 2389 710 2448 3³
725 2391 757 2447 et
775 2390 807 2446 le
822 2387 932 2464 regula
961 2386 1119 2449 canonicae

184 2479 468 2558 interpretationis
490 2483 668 2558 temporum
692 2476 854 2539 historiam
873 2477 938 2538 sive
955 2479 1022 2559 ejus
1037 2497 1119 2541 com-

189 2570 388 2651 parationem
421 2572 461 2632 ad
497 2572 741 2633 vicissitudinem
769 2570 965 2650 linguarum,
988 2571 1052 2632 sive
1079 2573 1119 2634 ad

175 2661 293 2724 'mores
326 2665 528 2744 populorum,
559 2665 720 2743 interpreti
747 2663 955 2724 necessariam
986 2681 1053 2724 esse
1085 2668 1119 2725 ut

190 2775 296 2818 sacros
320 2774 455 2818 canones
482 2758 615 2836 explicet
639 2761 670 2819 et
687 2758 841 2837 explanet.
859 2756 948 2818 Unde
969 2756 1116 2835 historia,

190 2869 261 2910 cum
282 2849 426 2911 omnibus
445 2850 509 2910 suis
529 2851 775 2912 derivationibus
798 2869 853 2911 seu
884 2869 956 2912 cum
974 2851 1118 2913 omnibus

190 2943 325 3004 scientiis
348 2961 418 3023 quae
440 2961 510 3004 eam
532 2943 721 3004 adminiculo
752 2962 819 3004 esse
838 2947 983 3023 possunt,
1007 2943 1118 3006 consti·
1169 2937 1176 2948 '

189 3036 248 3098 tuit
271 3036 442 3116 quemdam
461 3037 579 3098 fontem
606 3039 636 3098 et
655 3036 781 3116 quidem
793 3037 972 3115 generalem
983 3055 1021 3095 ex
1037 3035 1118 3098 facto

190 3129 272 3189 unde
285 3128 383 3208 possit
395 3129 549 3209 interpres
564 3132 751 3208 argumenta
763 3147 886 3190 sumere
901 3128 942 3189 ad
958 3145 1118 3191 sacrorum

192 3239 346 3284 canonum
362 3239 488 3283 sensum
499 3220 751 3300 investigandum
771 3224 801 3282 et
814 3220 1047 3285 vindicandum.
