2512 4012
341 320 378 370 m
399 323 528 372 oerncro
546 321 631 373 wrooles
653 321 808 372 usnemu.
982 307 1040 372 239

396 525 562 573 sanemus
584 513 748 572 saturnos.

245 679 292 742 De
307 681 475 743 hierarchia
481 679 700 762 jurisdictiones
714 680 744 741 io
759 679 897 760 colaepio.

53 889 56 896 ·
149 853 171 914 l.
194 853 350 916 Absoluta
367 871 451 914 nune
472 853 575 932 prima
595 853 781 914 tractatione
803 852 842 913 do
862 851 1040 915 hierarehia

115 946 322 1009 ecelesiastica
335 948 368 1007 in
383 946 513 1025 singulis
533 945 721 1008 olorinorum
736 945 879 1025 personis
899 946 1039 1008 conside-

114 1041 187 1116 rata,
205 1041 246 1100 ad
259 1041 396 1102 alteram
416 1043 538 1118 partem
553 1039 748 1116 devenimuS,
762 1055 831 1119 quae
845 1037 903 1100 erit
918 1039 956 1100 de
972 1039 1040 1099 hie-

115 1132 241 1210 rarchia,
258 1137 415 1214 quatenns
438 1132 469 1192 in
491 1131 629 1212 collegiis
652 1133 838 1193 elericorum
853 1130 996 1195 habetur.

149 1226 288 1306 Collegia
302 1227 488 1288 olorinorum
502 1244 572 1305 quae
588 1226 725 1305 aliquam
736 1226 1041 1288 inEeolesiahabent

115 1320 339 1398 auotoritatem
355 1320 396 1380 ad
410 1323 474 1381 tres
488 1321 620 1398 possunt
638 1320 812 1399 categorias
827 1321 978 1398 revocari,
994 1320 1041 1380 vi-

114 1409 219 1475 delicet
238 1435 245 1476 :
264 1418 296 1476 l⁰
317 1414 472 1475 'nonnulla
495 1413 627 1492 collegia
640 1415 714 1474 sunt
737 1411 854 1474 ordinis
877 1413 1041 1492 pastoralis

115 1519 164 1564 seu
175 1504 361 1585 legislatio}
378 1511 410 1568 2⁰
422 1507 484 1568 alia
498 1509 572 1566 sunt
586 1506 711 1567 ordinis
721 1505 885 1583 senatorii,
903 1524 959 1566 seu
968 1515 1041 1566 ¹oon-

114 1595 227 1674 sultivi3
249 1603 282 1662 3⁰
297 1600 359 1660 alia
374 1599 502 1660 demum
522 1599 641 1661 ordinis
662 1603 736 1661 sunt
747 1617 826 1678 pure
842 1595 1042 1659 administra-

114 1686 164 1748 tivi
176 1694 225 1752 val
243 1693 415 1774 judiciarii.
440 1693 530 1755 Unde
550 1693 601 1754 hio
621 1691 770 1754 articulus
791 1692 822 1752 in
844 1695 892 1754 tot
906 1691 1041 1771 capitula

116 1781 340 1850 subdividatur.

363 1907 365 1910 ¹
457 1923 499 1976 sl.
520 1934 551 1965 nn
570 1933 696 1968 concrum.

151 2043 188 2108 ΙΙ.
205 2049 270 2110 Pro
286 2046 430 2126 analogia
446 2065 516 2127 quae
531 2054 644 2126 regnat
663 2047 748 2110 inter
764 2047 886 2110 divinas
901 2048 932 2108 et
940 2044 1044 2107 'aeole-

116 2134 254 2202 siastioas
267 2140 489 2217 institutiones,
501 2139 770 2219 quemadmodum
788 2139 894 2202 diuino
906 2138 978 2220 inre
990 2157 1044 2200 su-

116 2240 221 2307 prema
229 2235 265 2296 in
278 2234 418 2295 Ecclesia
430 2233 598 2295 auotoritas
611 2233 654 2296 ito
663 2234 717 2294 uni
726 2235 841 2296 collata
853 2237 900 2296 eat
911 2231 1040 2312 pastori,

117 2319 148 2385 ut
155 2325 248 2390 simul
259 2331 420 2408 pastorum
427 2326 613 2388 universitas
623 2327 740 2389 snb³illo
750 2329 920 2390 constituto
926 2327 1040 2405 capite,

118 2415 155 2476 ad
165 2419 308 2499 ejusdem
323 2419 525 2499 plenitudinis
538 2419 730 2480 oonso1tium
747 2420 979 2492 admitteretur3
998 2419 1045 2480 ita

118 2511 147 2568 et
156 2510 459 2591 jure'eooleaiaatioo,
476 2513 604 2592 quando
617 2512 812 2591 singulorum
825 2511 1045 2591 episcoporum

117 2604 1045 2684 auotoritasdeterminataestadordinarinmregimenunius

117 2693 273 2775 dioeoesis3
293 2701 344 2761 ita
357 2699 450 2762 ‘enim
468 2699 555 2760 visus
581 2703 628 2760 est
649 2699 814 2778 episeopus
834 2697 961 2759 dioecesi
980 2715 1044 2757 suae

118 2793 314 2872 propositus,
331 2796 366 2854 nt
378 2812 449 2854 oum
463 2793 530 2872 ipso
541 2792 706 2854 universus
716 2793 914 2855 dituceeanus
926 2790 1043 2869 oleras,

119 2883 173 2944 snb
187 2886 241 2949 illo
253 2887 420 2948 constituto
434 2885 547 2964 eapite,
566 2885 732 2948 ordinaria
748 2885 890 2967 ejusdem
903 2881 1045 2947 dioecesis

120 2975 395 3042 administrationis
408 2980 566 3058 particeps
579 2978 646 3059 ejus
659 2979 829 3041 videretur.

157 3073 305 3134 Similiter
314 3077 350 3134 -et
363 3073 488 3152 quando
499 3071 650 3134 institutae
667 3072 794 3134 fuerunt
804 3073 898 3133 sedes
915 3070 1046 3150 patriar-

122 3159 232 3244 ohales,
244 3165 436 3245 primatiales
446 3165 496 3227 vel
510 3165 770 3244 metropolitam,
785 3168 924 3226 nontam
935 3163 1047 3225 harum

122 3259 239 3320 sedium
252 3261 394 3321 titulares
409 3256 558 3339 propositi
576 3263 648 3319 sunt
668 3256 885 3318 ecelesiastica
900 3257 1047 3318 adminis-

122 3349 270 3431 trationis,
278 3352 424 3429 nationis‚
434 3349 771 3430 regnivel'provinoiae,
783 3365 879 3429 quam
889 3349 1047 3431 integrum

123 3445 285 3527 collegium
299 3445 517 3526 opiscoporum
539 3445 620 3506 illius
635 3443 780 3520 nationis,
802 3444 893 3524 regni
909 3445 961 3506 'vel
975 3461 1049 3522 pro-

108 3536 229 3604 tinoiae
244 3541 302 3602 sub
314 3538 504 3623 patriarcha,
522 3537 657 3620 primate
671 3535 721 3599 vel
743 3537 952 3622 metropolita,
975 3555 1049 3602 oon-
