2546 4016
156 245 218 312 nn
352 255 605 312 ,russerurrorus
621 256 704 307 runis
726 255 880 307 aaronica

154 406 211 468 ua
221 400 415 466 tractationis
425 398 1087 482 decursupossimlaudatasuntetajuris·

153 495 261 577 peritis
275 493 364 556 citari
379 494 490 556 solent.

192 590 262 652 ista
273 588 390 668 regula
408 587 505 650 dividi
522 584 623 650 solent
636 586 669 646 in
683 586 875 666 authenticos,
889 607 961 669 quae
973 593 1087 654 aucto·

152 681 243 744 ritate
253 680 440 760 legislatoris
453 681 603 757 nituntur,
619 684 650 741 ot
663 679 848 758 doctrinales,
859 699 929 761 quae
942 700 961 743 a
975 683 1089 746 docto-

151 775 237 840 ribus
252 773 380 853 privatis
395 775 493 837 instar
506 773 699 835 axiomatum
713 773 847 836 inventae
868 778 899 836 et
924 779 1085 854 usurpatae

150 873 232 931 sunt.
247 867 443 930 Anthentioae
453 866 604 948 vimjuris
619 866 771 943 obtinent,
790 885 807 928 c
833 865 966 930 fundant
976 869 1081 932 inteu-

151 961 269 1026 tinnem
282 960 464 1040 allegantis,
482 960 581 1022 donec
600 959 800 1022 adversarius
812 979 920 1022 casum
935 979 955 1022 a
973 962 1086 1042 regula

152 1058 317 1135 exceptum
327 1054 481 1116 ostendat.
496 1056 690 1132 Frequenter
703 1056 810 1116 tamen
826 1053 952 1131 fallunt,
969 1057 1000 1117 et
1010 1054 1083 1118 ideo

148 1148 235 1209 nulla
249 1151 295 1209 est
308 1147 418 1226 regula
431 1147 497 1206 sine
515 1146 707 1225 exceptione.
727 1145 923 1210 Doctrinales
937 1165 994 1209 seu
1004 1150 1084 1210 Bro-

151 1239 283 1302 canlicae
293 1257 357 1301 nou
364 1239 485 1301 faciunt
490 1238 554 1320 jus,
568 1257 627 1301 uae
640 1239 775 1301 fundant
787 1239 993 1304 intentionem
1005 1241 1083 1302 alle-

149 1332 264 1413 gantis,
282 1332 338 1394 sed
353 1331 568 1413 probabiliter,
586 1332 611 1394 si
628 1332 761 1395 materia
774 1331 916 1412 subjecta
929 1333 1078 1413 patiatur,

150 1425 273 1490 admitti
288 1425 399 1488 solent.

188 1519 387 1600 Exceptiouis
408 1537 427 1580 a
448 1519 558 1600 regula
580 1522 644 1581 tres
666 1537 733 1580 esse
746 1515 921 1599 praecipuos
939 1521 1078 1582 effectae.

151 1617 174 1676 1.
191 1611 339 1695 Exceptio
360 1632 418 1674 ooo
438 1613 582 1694 ampliat,
597 1611 649 1674 ced
667 1611 821 1691 restrioptt
835 1612 968 1692 repulsam
984 1630 990 1671 :
1007 1631 1082 1674 narn

149 1707 366 1772 universalitas
378 1707 475 1786 ipsius
490 1706 594 1768 deficit
614 1708 758 1784 respectu
778 1723 867 1766 casus
885 1705 1007 1784 excepti
1025 1725 1031 1766 :
1050 1708 1084 1770 et

151 1818 208 1880 per
219 1799 290 1877 hoo,
308 1799 393 1880 quod
405 1799 524 1879 aliquid
535 1799 653 1878 regula
673 1797 874 1875 detrahatur,
891 1815 955 1860 non
978 1797 1083 1877 sequi-

150 1894 212 1969 tur,
225 1892 368 1971 regulam
385 1892 500 1952 debere
517 1891 641 1952 extendi
664 1891 747 1952 ultra
763 1889 988 1970 proprietatem
1009 1909 1083 1954 suo·

151 2003 221 2048 rum
235 1985 414 2046 verborum.
427 1985 464 2044 ΙΙ.
483 1983 629 2064 deceptio
644 1982 774 2045 deolorcd
786 1983 941 2064 repeton·
955 2002 1029 2044 nam
1043 2002 1082 2044 ex

151 2077 301 2158 qualitate
316 2076 507 2155 exceptionis
524 2079 676 2157 apparet,
695 2076 735 2138 de
756 2094 818 2156 quo
836 2095 952 2155 genere
972 2076 1083 2156 regula

149 2171 304 2250 disponat.
318 2172 369 2231 111.
386 2169 534 2250 Exceptio
548 2169 651 2250 firmat
665 2169 797 2248 rapulam
811 2168 842 2228 io
856 2168 1037 2230 contrarium
1052 2169 1084 2230 io

149 2263 260 2324 casibus
273 2282 331 2323 noo
347 2263 486 2344 exeeptis,
503 2262 563 2325 hoo
577 2266 633 2340 est,
651 2261 735 2342 quod
755 2280 862 2338 casua,
887 2261 939 2342 qui
962 2261 1082 2340 excepti

148 2375 213 2419 non
227 2355 439 2436 reperiuntur,
456 2359 643 2418 censeantur
656 2354 873 2434 comprehensi
888 2355 946 2416 sub
958 2355 1078 2434 regula.

149 2449 203 2510 His
213 2449 381 2531 praeJactiS,
395 2449 534 2512 breviter
541 2448 694 2529 attingam
703 2448 828 2528 regulas
833 2447 913 2528 juris
922 2446 1079 2524 canonici,

149 2541 244 2622 idque
257 2547 386 2622 propter
397 2541 630 2622 tyronasjuris,
645 2540 757 2622 quibus
770 2540 921 2602 suadetur
939 2539 979 2600 ah
994 2539 1080 2601 initio

149 2635 330 2698 condiscere
345 2635 472 2696 easdem
484 2635 620 2714 regulas,
638 2633 778 2713 alioquin
792 2633 886 2711 plena
900 2633 1082 2712 regularum

150 2728 260 2790 notitia
274 2726 624 2808 praerequiritnotitiem
638 2726 734 2788 totius
744 2725 834 2807 juris.
855 2727 936 2786 Fusa
956 2725 1013 2787 has
1031 2744 1082 2786 ra-

149 2819 238 2898 gulas
248 2819 382 2898 explicat
395 2821 503 2882 Glossa
510 2819 636 2898 Magna,
652 2821 733 2898 Aug.
746 2817 840 2878 Barb.
859 2817 966 2880 etalii.
1030 2812 1032 2817 ’

188 2915 258 2976 Ista
273 2913 391 2992 regula
405 2912 527 2993 disponi
538 2912 659 2991 possint
678 2909 851 2974 secundum
869 2910 1009 2974 materia
1025 2927 1081 2972 seu

150 3005 263 3087 objecti
293 3005 454 3084 ordinem,
477 3007 531 3067 aut
555 3005 718 3067 dumtaxat
735 3007 881 3082 respectu
909 3003 1016 3066 habito
1040 3002 1083 3064 ad

148 3099 254 3162 locum
265 3118 360 3180 quam
375 3100 530 3179 occupant
542 3097 575 3158 in
585 3116 723 3179 corpore·
727 3096 817 3178 juris.
832 3099 910 3160 Gum
920 3095 1080 3176 dispositio

150 3210 189 3253 ex
202 3183 308 3270 primo
316 3193 418 3274 capite
437 3194 603 3271 desumpta
616 3190 815 3272 suppeditare
831 3193 968 3272 nequeat
982 3206 1082 3252 mem-

149 3284 207 3346 bra
218 3285 343 3348 omnino
356 3286 512 3364 dutincta,
528 3285 643 3350 sufficit
659 3288 694 3348 ut
709 3283 852 3347 ordinem
870 3282 1080 3346 Docrctolium

150 3393 328 3459 sequamur.
