2546 4016
388 277 775 328 too1onsrscrsusruu1s
797 278 952 335 epanomct.
1077 265 1131 328 til

240 423 373 496 Quando
390 423 486 503 igitur
507 428 628 487 constat
646 429 803 488 Romanos
819 425 985 488 Pontifices
1000 423 1134 486 voluisse

195 516 455 578 universitatibus
467 537 641 596 proponere
654 519 712 580 has
724 517 924 580 collectiones
938 521 974 580 ut
987 516 1135 578 univorsa

196 610 409 670 communitas
425 610 550 671 illarum
566 612 708 673 notitiam
726 611 866 687 haberet,
887 628 948 671 non
971 614 1074 689 potest
1096 630 1134 670 ex

195 703 259 764 hac
283 721 379 764 causa
398 703 523 764 illarum
545 705 763 766 collectionum
785 703 953 766 auctoritas
980 703 1130 766 labefieri.

239 795 346 856 Prima
367 799 474 858 autem
493 797 659 859 difficultas
680 797 788 859 nititur
801 796 929 876 quidem
950 815 1025 858 voro
1046 797 1133 875 priu-

196 888 292 966 cipio‚
309 889 365 949 sed
387 889 517 968 ampliat
539 889 632 950 nimis
652 890 895 952 conclusionem.
921 891 1000 950 Nam
1022 907 1132 952 verum

197 981 327 1059 quidem
350 985 397 1042 est
421 1001 483 1042 non
512 983 606 1044 fuisse
635 983 758 1062 singula
791 985 995 1042 monumenta
1020 982 1132 1042 harum

196 1073 419 1134 collectionum
456 1074 634 1153 speclaliter
669 1079 699 1137 et
733 1076 865 1137 seorsum
896 1074 1044 1153 probata,
1077 1075 1132 1134 sod

197 1166 407 1243 approbatam
426 1166 520 1227 fuisso
545 1168 759 1229 collectionem
784 1167 954 1228 universim
974 1171 1131 1245 sumptam

196 1262 329 1320 constat.
349 1259 381 1320 si
398 1259 494 1338 igitur
506 1260 574 1320 haec
591 1261 775 1340 approbatio
791 1260 945 1340 generalis
964 1260 1035 1320 talis
1050 1265 1132 1322 esset

195 1355 327 1428 natura,
338 1354 374 1413 ut
383 1351 506 1430 singula
520 1359 724 1414 monumenta
737 1373 800 1414 non
809 1356 929 1433 tangat,
946 1352 1086 1414 irrisoria
1101 1357 1131 1414 et

194 1443 313 1505 inutilis
335 1445 527 1521 efficeretur,
551 1465 623 1508 cum
645 1451 747 1509 totum
761 1445 819 1507 nisi
835 1465 873 1506 ex
889 1446 1019 1524 singulis
1035 1444 1130 1524 parti·

194 1537 255 1598 bus
269 1538 412 1599 resultet.

235 1631 280 1692 lix
298 1630 360 1690 hoo
375 1630 542 1710 principio,
562 1632 624 1692 hoc
640 1650 739 1692 unum
752 1634 857 1709 posset
876 1630 1001 1706 deduci,
1018 1647 1130 1707 nempe

178 1723 280 1802 quod
295 1741 354 1800 pro
374 1723 504 1802 singulis
526 1741 588 1784 non
604 1723 685 1784 adsit
700 1723 843 1802 specialis
857 1721 1055 1801 approbatio,
1073 1721 1128 1781 sod

98 1869 104 1875 .
193 1819 315 1877 tantum
327 1817 531 1894 presumptio
542 1834 611 1896 quae
627 1817 658 1876 in
670 1816 738 1894 ipsa
748 1815 886 1894 generali
902 1813 1127 1894 approbatione

194 1907 355 1968 fundatur.
368 1909 544 1987 llapropter
558 1929 613 1988 pro
629 1908 759 1988 singulis
769 1907 902 1969 militare
915 1907 1027 1969 saltem
1041 1906 1128 1966 vide-

193 2003 244 2061 tur
258 2000 465 2080 praesumptio
483 2001 729 2080 approbatione,
740 2000 839 2061 donec
851 2001 890 2060 de
902 2001 984 2061 facto
1000 2001 1127 2060 demon-

193 2097 311 2154 stretur
324 2111 396 2152 eam
416 2094 675 2172 approbationem
699 2094 806 2154 datam
826 2111 889 2153 non
909 2093 1015 2154 fuisse.
1039 2094 1125 2167 Ouae,
1175 2165 1176 2168 Ἴ

192 2203 240 2246 ex.
264 2205 310 2264 g.‚
338 2185 491 2264 contingit
516 2187 569 2246 ubi
595 2185 769 2264 reperimus
794 2179 971 2246 sanctiones
999 2183 1145 2245 omniuo

193 2277 366 2356 oppositas,
385 2297 446 2357 quo
467 2279 498 2338 in
511 2298 596 2356 casu,
614 2297 684 2339 cum
703 2278 887 2356 approbatio
902 2297 965 2340 non
979 2277 1077 2357 possit
1095 2277 1126 2336 in

193 2370 476 2432 contradictionem
484 2371 570 2448 ferri,
588 2372 738 2432 debemus
749 2371 904 2430 deducere
918 2370 1126 2431 recentiorem

193 2463 388 2524 sanctionem
409 2463 625 2524 tantummodo
641 2462 838 2540 retinendam
862 2480 950 2538 osse,
975 2462 1127 2541 priorem-

192 2573 253 2634 que
262 2554 340 2616 nihil
348 2554 483 2633 amplius
493 2555 589 2635 adjus
600 2555 773 2634 practicum
781 2554 987 2632 redigendam
997 2554 1123 2626 haberi;

191 2647 248 2707 sed
268 2647 318 2707 boe
338 2646 461 2724 priores
480 2648 527 2707 ad·
542 2649 641 2708 solam
670 2647 878 2708 eruditionem
897 2647 1038 2707 conferre
1054 2664 1127 2724 pos-

191 2744 276 2800 sunt.

232 2833 340 2893 xvlll.
358 2834 403 2892 Ex
416 2832 505 2893 dlotis
523 2851 687 2912 possumus
698 2837 864 2912 sequentes
880 2851 1016 2896 canones
1038 2851 1126 2910 prac-

190 2923 271 2984 ticos
282 2924 321 2984 de
333 2925 519 2986 auctorltate
533 2926 646 2988 harum
658 2925 875 2988 collectionum
890 2943 1083 3005 proponere:

235 3013 309 3078 Coo.
324 3019 347 3078 l.
374 3006 576 3080 Monnmenta
596 3037 651 3079 seu
672 3036 806 3078 canones
827 3036 897 3097 quae
921 3015 1126 3094 comprehen-

194 3107 314 3168 duntur
327 3109 359 3168 iu
378 3109 612 3170 collectionibus
626 3109 765 3189 Gregorii
779 3112 832 3186 IX,
846 3108 997 3170 Bonilacii
1012 3108 1081 3170 VIII
1096 3111 1127 3170 ot

195 3199 364 3260 Clementis
379 3203 416 3276 V,
438 3201 502 3261 vim
516 3203 671 3281 generalis
691 3203 769 3281 legis
791 3201 942 3276 obticeat,
963 3219 1125 3280 quousque

195 3309 259 3351 non
275 3292 505 3354 demonstretur
519 3315 557 3355 ea
574 3315 636 3357 non
655 3295 749 3355 fuisse
770 3294 954 3356 auctoritate
970 3294 1125 3358 dictorum

196 3385 410 3445 Romanorum
424 3387 608 3449 Pontificum
620 3388 804 3466 approbata,
821 3388 871 3448 vel
881 3383 1046 3450 recentiori
1053 3387 1124 3466 juro

197 3473 350 3553 abrogata
364 3476 412 3538 vel
429 3476 603 3544 immutata.
1054 3482 1057 3487 ’
