<?xml version="1.0" encoding="UTF-8"?>
<!DOCTYPE html PUBLIC "-//W3C//DTD XHTML 1.0 Transitional//EN"
    "http://www.w3.org/TR/xhtml1/DTD/xhtml1-transitional.dtd">
<html xmlns="http://www.w3.org/1999/xhtml" xml:lang="en" lang="en">
 <head>
  <title>
</title>
<meta http-equiv="Content-Type" content="text/html;charset=utf-8" />
  <meta name='ocr-system' content='tesseract 3.04.00' />
  <meta name='ocr-capabilities' content='ocr_page ocr_carea ocr_par ocr_line ocrx_word'/>
</head>
<body>
  <div class='ocr_page' id='page_1' title='image "./institutionesju02marigoog_0044.png"; bbox 0 0 2514 4014; ppageno 0'>
   <div class='ocr_carea' id='block_1_1' title="bbox 505 96 520 146">
    <p class='ocr_par' dir='ltr' id='par_1_1' title="bbox 505 96 520 146">
     <span class='ocr_line' id='line_1_1' title="bbox 505 96 520 146; baseline 0 0"><span class='ocrx_word' id='word_1_1' title='bbox 505 96 520 146; x_wconf 67' lang='lat' dir='ltr'>l</span> 
     </span>
    </p>
   </div>
   <div class='ocr_carea' id='block_1_2' title="bbox 338 331 1087 390">
    <p class='ocr_par' dir='ltr' id='par_1_2' title="bbox 338 331 1087 390">
     <span class='ocr_line' id='line_1_2' title="bbox 338 331 1087 390; baseline 0.004 -3"><span class='ocrx_word' id='word_1_2' title='bbox 338 338 447 388; x_wconf 76' lang='lat' dir='ltr'>marca</span> <span class='ocrx_word' id='word_1_3' title='bbox 470 341 622 386; x_wconf 76' lang='lat' dir='ltr'>snacrlns</span> <span class='ocrx_word' id='word_1_4' title='bbox 643 341 726 387; x_wconf 81' lang='lat' dir='ltr'>rums</span> <span class='ocrx_word' id='word_1_5' title='bbox 752 341 906 390; x_wconf 76' lang='lat' dir='ltr'>cruorum.</span> <span class='ocrx_word' id='word_1_6' title='bbox 1050 331 1087 390; x_wconf 77' lang='lat'>37</span> 
     </span>
    </p>
   </div>
   <div class='ocr_carea' id='block_1_3' title="bbox 153 483 1090 654">
    <p class='ocr_par' dir='ltr' id='par_1_3' title="bbox 153 483 1090 654">
     <span class='ocr_line' id='line_1_3' title="bbox 153 483 1090 563; baseline 0.004 -19"><span class='ocrx_word' id='word_1_7' title='bbox 153 483 258 563; x_wconf 87' lang='lat' dir='ltr'>magis</span> <span class='ocrx_word' id='word_1_8' title='bbox 286 483 464 544; x_wconf 85' lang='lat' dir='ltr'>differentia</span> <span class='ocrx_word' id='word_1_9' title='bbox 489 483 634 560; x_wconf 86' lang='lat' dir='ltr'>specifica</span> <span class='ocrx_word' id='word_1_10' title='bbox 661 484 767 563; x_wconf 88' lang='lat' dir='ltr'>legum</span> <span class='ocrx_word' id='word_1_11' title='bbox 794 489 970 546; x_wconf 90' lang='lat' dir='ltr'>nostrarum</span> <span class='ocrx_word' id='word_1_12' title='bbox 999 485 1090 549; x_wconf 89' lang='lat' dir='ltr'>inno-</span> 
     </span>
     <span class='ocr_line' id='line_1_4' title="bbox 154 578 410 654; baseline 0 -18"><span class='ocrx_word' id='word_1_13' title='bbox 154 581 266 638; x_wconf 87' lang='lat' dir='ltr'>tescat.</span> <span class='ocrx_word' id='word_1_14' title='bbox 281 578 410 654; x_wconf 90' lang='lat' dir='ltr'>ltaque:</span> 
     </span>
    </p>
   </div>
   <div class='ocr_carea' id='block_1_4' title="bbox 198 667 1088 752">
    <p class='ocr_par' dir='ltr' id='par_1_4' title="bbox 198 667 1088 752">
     <span class='ocr_line' id='line_1_5' title="bbox 198 667 1088 752; baseline 0.006 -22"><span class='ocrx_word' id='word_1_15' title='bbox 198 671 236 730; x_wconf 89' lang='lat' dir='ltr'>ll.</span> <span class='ocrx_word' id='word_1_16' title='bbox 255 673 284 730; x_wconf 79' lang='lat'>1⁰</span> <span class='ocrx_word' id='word_1_17' title='bbox 295 669 350 730; x_wconf 76' lang='lat' dir='ltr'>Er</span> <span class='ocrx_word' id='word_1_18' title='bbox 360 669 471 729; x_wconf 83' lang='lat' dir='ltr'>diuerso</span> <span class='ocrx_word' id='word_1_19' title='bbox 485 667 612 748; x_wconf 81' lang='lat' dir='ltr'>subjecto</span> <span class='ocrx_word' id='word_1_20' title='bbox 626 669 764 750; x_wconf 82' lang='lat' dir='ltr'>quodjur</span> <span class='ocrx_word' id='word_1_21' title='bbox 773 669 856 748; x_wconf 81' lang='lat' dir='ltr'>dicit,</span> <span class='ocrx_word' id='word_1_22' title='bbox 866 671 1013 752; x_wconf 71' lang='lat' dir='ltr'>distingui</span> <span class='ocrx_word' id='word_1_23' title='bbox 1027 692 1088 734; x_wconf 92' lang='lat' dir='ltr'>non</span> 
     </span>
    </p>
   </div>
   <div class='ocr_carea' id='block_1_5' title="bbox 31 760 1091 844">
    <p class='ocr_par' dir='ltr' id='par_1_5' title="bbox 31 760 1091 844">
     <span class='ocr_line' id='line_1_6' title="bbox 31 760 1091 844; baseline 0.003 -20"><span class='ocrx_word' id='word_1_24' title='bbox 31 808 43 824; x_wconf 75' lang='lat'><strong><em>.</em></strong></span> <span class='ocrx_word' id='word_1_25' title='bbox 116 761 120 768; x_wconf 83' lang='grc'><em>’</em></span> <span class='ocrx_word' id='word_1_26' title='bbox 156 766 263 841; x_wconf 89' lang='lat' dir='ltr'>potest</span> <span class='ocrx_word' id='word_1_27' title='bbox 276 763 327 822; x_wconf 87' lang='lat' dir='ltr'>lex</span> <span class='ocrx_word' id='word_1_28' title='bbox 353 760 451 822; x_wconf 92' lang='lat' dir='ltr'>civilis</span> <span class='ocrx_word' id='word_1_29' title='bbox 466 760 523 820; x_wconf 88' lang='lat' dir='ltr'>nisi</span> <span class='ocrx_word' id='word_1_30' title='bbox 540 781 578 820; x_wconf 88' lang='lat' dir='ltr'>ex</span> <span class='ocrx_word' id='word_1_31' title='bbox 600 762 751 824; x_wconf 86' lang='lat' dir='ltr'>varietate</span> <span class='ocrx_word' id='word_1_32' title='bbox 764 763 895 843; x_wconf 76' lang='lat' dir='ltr'>subJecti</span> <span class='ocrx_word' id='word_1_33' title='bbox 920 765 1004 844; x_wconf 84' lang='lat' dir='ltr'>quod</span> <span class='ocrx_word' id='word_1_34' title='bbox 1021 785 1091 828; x_wconf 91' lang='lat' dir='ltr'>suc-</span> 
     </span>
    </p>
   </div>
   <div class='ocr_carea' id='block_1_6' title="bbox 157 853 1092 1770">
    <p class='ocr_par' dir='ltr' id='par_1_6' title="bbox 157 853 1091 1380">
     <span class='ocr_line' id='line_1_7' title="bbox 157 853 1091 932; baseline 0.006 -18"><span class='ocrx_word' id='word_1_35' title='bbox 157 856 280 914; x_wconf 91' lang='lat' dir='ltr'>cessive</span> <span class='ocrx_word' id='word_1_36' title='bbox 301 855 333 913; x_wconf 90' lang='lat' dir='ltr'>in</span> <span class='ocrx_word' id='word_1_37' title='bbox 358 853 519 932; x_wconf 80' lang='lat' dir='ltr'>republica</span> <span class='ocrx_word' id='word_1_38' title='bbox 544 854 666 932; x_wconf 91' lang='lat' dir='ltr'>imperii</span> <span class='ocrx_word' id='word_1_39' title='bbox 688 874 843 916; x_wconf 90' lang='lat' dir='ltr'>summam</span> <span class='ocrx_word' id='word_1_40' title='bbox 869 856 1023 920; x_wconf 86' lang='lat' dir='ltr'>habuerit.</span> <span class='ocrx_word' id='word_1_41' title='bbox 1045 860 1091 920; x_wconf 82' lang='lat' dir='ltr'>lta</span> 
     </span>
     <span class='ocr_line' id='line_1_8' title="bbox 157 947 1089 1030; baseline 0.003 -22"><span class='ocrx_word' id='word_1_42' title='bbox 157 947 282 1008; x_wconf 89' lang='lat' dir='ltr'>romani</span> <span class='ocrx_word' id='word_1_43' title='bbox 308 947 521 1027; x_wconf 85' lang='lat' dir='ltr'>jurisconsulti</span> <span class='ocrx_word' id='word_1_44' title='bbox 536 947 770 1026; x_wconf 80' lang='lat' dir='ltr'>distinguebant</span> <span class='ocrx_word' id='word_1_45' title='bbox 790 948 886 1029; x_wconf 86' lang='lat' dir='ltr'>loges,</span> <span class='ocrx_word' id='word_1_46' title='bbox 903 949 935 1008; x_wconf 92' lang='lat' dir='ltr'>in</span> <span class='ocrx_word' id='word_1_47' title='bbox 948 949 1034 1030; x_wconf 90' lang='lat' dir='ltr'>leges</span> <span class='ocrx_word' id='word_1_48' title='bbox 1047 951 1089 1012; x_wconf 90' lang='lat' dir='ltr'>sie</span> 
     </span>
     <span class='ocr_line' id='line_1_9' title="bbox 159 1039 1091 1118; baseline 0.002 -16"><span class='ocrx_word' id='word_1_49' title='bbox 159 1039 392 1102; x_wconf 78' lang='lat' dir='ltr'>antonomatice</span> <span class='ocrx_word' id='word_1_50' title='bbox 415 1039 534 1116; x_wconf 87' lang='lat' dir='ltr'>dictas,</span> <span class='ocrx_word' id='word_1_51' title='bbox 552 1039 584 1098; x_wconf 89' lang='lat' dir='ltr'>in</span> <span class='ocrx_word' id='word_1_52' title='bbox 606 1040 795 1118; x_wconf 88' lang='lat' dir='ltr'>plebiscitas,</span> <span class='ocrx_word' id='word_1_53' title='bbox 821 1039 853 1099; x_wconf 91' lang='lat' dir='ltr'>in</span> <span class='ocrx_word' id='word_1_54' title='bbox 877 1048 1091 1104; x_wconf 77' lang='lat' dir='ltr'>senatuscon-</span> 
     </span>
     <span class='ocr_line' id='line_1_10' title="bbox 158 1132 1091 1214; baseline 0.004 -20"><span class='ocrx_word' id='word_1_55' title='bbox 158 1134 279 1210; x_wconf 79' lang='lat' dir='ltr'>sultoS,</span> <span class='ocrx_word' id='word_1_56' title='bbox 297 1133 328 1192; x_wconf 93' lang='lat' dir='ltr'>in</span> <span class='ocrx_word' id='word_1_57' title='bbox 351 1133 527 1211; x_wconf 82' lang='lat' dir='ltr'>principum</span> <span class='ocrx_word' id='word_1_58' title='bbox 543 1132 657 1209; x_wconf 85' lang='lat' dir='ltr'>edicta,</span> <span class='ocrx_word' id='word_1_59' title='bbox 676 1133 779 1211; x_wconf 90' lang='lat' dir='ltr'>pronti</span> <span class='ocrx_word' id='word_1_60' title='bbox 802 1137 856 1195; x_wconf 93' lang='lat' dir='ltr'>aut</span> <span class='ocrx_word' id='word_1_61' title='bbox 868 1137 1020 1214; x_wconf 91' lang='lat' dir='ltr'>populus,</span> <span class='ocrx_word' id='word_1_62' title='bbox 1037 1140 1091 1199; x_wconf 88' lang='lat' dir='ltr'>aut</span> 
     </span>
     <span class='ocr_line' id='line_1_11' title="bbox 158 1226 1090 1306; baseline 0.004 -20"><span class='ocrx_word' id='word_1_63' title='bbox 158 1227 271 1306; x_wconf 75' lang='lat' dir='ltr'>plebe,</span> <span class='ocrx_word' id='word_1_64' title='bbox 287 1229 341 1286; x_wconf 88' lang='lat' dir='ltr'>aut</span> <span class='ocrx_word' id='word_1_65' title='bbox 355 1229 502 1302; x_wconf 89' lang='lat' dir='ltr'>senatus,</span> <span class='ocrx_word' id='word_1_66' title='bbox 520 1230 575 1286; x_wconf 89' lang='lat' dir='ltr'>aut</span> <span class='ocrx_word' id='word_1_67' title='bbox 589 1226 734 1304; x_wconf 87' lang='lat' dir='ltr'>princeps</span> <span class='ocrx_word' id='word_1_68' title='bbox 757 1227 930 1288; x_wconf 87' lang='lat' dir='ltr'>successive</span> <span class='ocrx_word' id='word_1_69' title='bbox 954 1248 1021 1290; x_wconf 86' lang='lat' dir='ltr'>rem</span> <span class='ocrx_word' id='word_1_70' title='bbox 1042 1248 1090 1290; x_wconf 93' lang='lat' dir='ltr'>ro·</span> 
     </span>
     <span class='ocr_line' id='line_1_12' title="bbox 160 1317 597 1380; baseline -0.002 -1"><span class='ocrx_word' id='word_1_71' title='bbox 160 1337 290 1380; x_wconf 83' lang='lat' dir='ltr'>marram</span> <span class='ocrx_word' id='word_1_72' title='bbox 302 1317 597 1378; x_wconf 75' lang='lat' dir='ltr'>administraverint.</span> 
     </span>
    </p>

    <p class='ocr_par' dir='ltr' id='par_1_7' title="bbox 162 1411 1092 1770">
     <span class='ocr_line' id='line_1_13' title="bbox 204 1411 1090 1496; baseline 0.005 -24"><span class='ocrx_word' id='word_1_73' title='bbox 204 1411 439 1472; x_wconf 87' lang='lat' dir='ltr'>Distinctionem</span> <span class='ocrx_word' id='word_1_74' title='bbox 472 1415 577 1472; x_wconf 91' lang='lat' dir='ltr'>autem</span> <span class='ocrx_word' id='word_1_75' title='bbox 610 1430 647 1470; x_wconf 87' lang='lat' dir='ltr'>ex</span> <span class='ocrx_word' id='word_1_76' title='bbox 680 1412 802 1472; x_wconf 89' lang='lat' dir='ltr'>diverso</span> <span class='ocrx_word' id='word_1_77' title='bbox 836 1412 974 1494; x_wconf 80' lang='lat' dir='ltr'>subjecto</span> <span class='ocrx_word' id='word_1_78' title='bbox 1006 1415 1090 1496; x_wconf 86' lang='lat' dir='ltr'>quod</span> 
     </span>
     <span class='ocr_line' id='line_1_14' title="bbox 162 1504 1090 1587; baseline 0.002 -21"><span class='ocrx_word' id='word_1_79' title='bbox 162 1504 757 1582; x_wconf 80' lang='lat' dir='ltr'>eodemtempore‚contemporanea,in</span> <span class='ocrx_word' id='word_1_80' title='bbox 767 1505 985 1587; x_wconf 87' lang='lat' dir='ltr'>republicajus</span> <span class='ocrx_word' id='word_1_81' title='bbox 994 1508 1090 1584; x_wconf 83' lang='lat' dir='ltr'>dicat,</span> 
     </span>
     <span class='ocr_line' id='line_1_15' title="bbox 162 1597 1091 1678; baseline -0.002 -18"><span class='ocrx_word' id='word_1_82' title='bbox 162 1604 315 1676; x_wconf 88' lang='lat' dir='ltr'>tanquam</span> <span class='ocrx_word' id='word_1_83' title='bbox 329 1600 504 1657; x_wconf 89' lang='lat' dir='ltr'>monstrum</span> <span class='ocrx_word' id='word_1_84' title='bbox 518 1597 662 1677; x_wconf 87' lang='lat' dir='ltr'>rejiciunt</span> <span class='ocrx_word' id='word_1_85' title='bbox 674 1597 706 1658; x_wconf 92' lang='lat' dir='ltr'>in</span> <span class='ocrx_word' id='word_1_86' title='bbox 719 1617 754 1658; x_wconf 92' lang='lat' dir='ltr'>re</span> <span class='ocrx_word' id='word_1_87' title='bbox 770 1616 836 1674; x_wconf 84' lang='lat' dir='ltr'>sua,</span> <span class='ocrx_word' id='word_1_88' title='bbox 849 1617 961 1676; x_wconf 89' lang='lat' dir='ltr'>nempe</span> <span class='ocrx_word' id='word_1_89' title='bbox 977 1599 1009 1658; x_wconf 91' lang='lat' dir='ltr'>in</span> <span class='ocrx_word' id='word_1_90' title='bbox 1019 1599 1091 1678; x_wconf 83' lang='lat' dir='ltr'>jure</span> 
     </span>
     <span class='ocr_line' id='line_1_16' title="bbox 163 1689 1092 1770; baseline -0.002 -18"><span class='ocrx_word' id='word_1_91' title='bbox 163 1691 259 1768; x_wconf 81' lang='lat' dir='ltr'>civili,</span> <span class='ocrx_word' id='word_1_92' title='bbox 271 1689 443 1770; x_wconf 87' lang='lat' dir='ltr'>jurisperiti</span> <span class='ocrx_word' id='word_1_93' title='bbox 466 1690 597 1750; x_wconf 89' lang='lat' dir='ltr'>romani.</span> <span class='ocrx_word' id='word_1_94' title='bbox 612 1693 700 1751; x_wconf 69' lang='lat' dir='ltr'>&#39;Cum</span> <span class='ocrx_word' id='word_1_95' title='bbox 723 1689 806 1749; x_wconf 89' lang='lat' dir='ltr'>enim</span> <span class='ocrx_word' id='word_1_96' title='bbox 824 1690 978 1769; x_wconf 80' lang='lat' dir='ltr'>legislatio</span> <span class='ocrx_word' id='word_1_97' title='bbox 1000 1691 1092 1751; x_wconf 90' lang='lat' dir='ltr'>unius</span> 
     </span>
    </p>
   </div>
   <div class='ocr_carea' id='block_1_7' title="bbox 163 1782 1185 1863">
    <p class='ocr_par' dir='ltr' id='par_1_8' title="bbox 163 1782 1185 1863">
     <span class='ocr_line' id='line_1_17' title="bbox 163 1782 1185 1863; baseline 0.001 -19"><span class='ocrx_word' id='word_1_98' title='bbox 163 1801 320 1863; x_wconf 79' lang='lat' dir='ltr'>suprema</span> <span class='ocrx_word' id='word_1_99' title='bbox 348 1783 540 1843; x_wconf 84' lang='lat' dir='ltr'>auctoritatis</span> <span class='ocrx_word' id='word_1_100' title='bbox 568 1782 600 1841; x_wconf 89' lang='lat' dir='ltr'>in</span> <span class='ocrx_word' id='word_1_101' title='bbox 628 1782 790 1860; x_wconf 85' lang='lat' dir='ltr'>republica</span> <span class='ocrx_word' id='word_1_102' title='bbox 817 1782 857 1844; x_wconf 88' lang='lat' dir='ltr'>sit</span> <span class='ocrx_word' id='word_1_103' title='bbox 882 1783 1090 1860; x_wconf 88' lang='lat' dir='ltr'>attributum,</span> <span class='ocrx_word' id='word_1_104' title='bbox 1180 1843 1185 1852; x_wconf 73' lang='grc'><strong><em>,</em></strong></span> 
     </span>
    </p>
   </div>
   <div class='ocr_carea' id='block_1_8' title="bbox 164 1875 1105 3616">
    <p class='ocr_par' dir='ltr' id='par_1_9' title="bbox 164 1875 1096 2420">
     <span class='ocr_line' id='line_1_18' title="bbox 164 1875 1093 1956; baseline -0.002 -18"><span class='ocrx_word' id='word_1_105' title='bbox 164 1895 263 1938; x_wconf 91' lang='lat' dir='ltr'>unum</span> <span class='ocrx_word' id='word_1_106' title='bbox 278 1880 383 1936; x_wconf 88' lang='lat' dir='ltr'>autem</span> <span class='ocrx_word' id='word_1_107' title='bbox 398 1876 437 1936; x_wconf 86' lang='lat' dir='ltr'>sit</span> <span class='ocrx_word' id='word_1_108' title='bbox 451 1875 625 1955; x_wconf 87' lang='lat' dir='ltr'>subjectum</span> <span class='ocrx_word' id='word_1_109' title='bbox 646 1875 678 1934; x_wconf 95' lang='lat' dir='ltr'>in</span> <span class='ocrx_word' id='word_1_110' title='bbox 701 1875 808 1936; x_wconf 71' lang='lat' dir='ltr'>Formis</span> <span class='ocrx_word' id='word_1_111' title='bbox 823 1875 921 1936; x_wconf 89' lang='lat' dir='ltr'>civilis</span> <span class='ocrx_word' id='word_1_112' title='bbox 933 1876 1093 1956; x_wconf 88' lang='lat' dir='ltr'>regiminis</span> 
     </span>
     <span class='ocr_line' id='line_1_19' title="bbox 165 1968 1093 2050; baseline -0.003 -19"><span class='ocrx_word' id='word_1_113' title='bbox 165 1969 251 2050; x_wconf 88' lang='lat' dir='ltr'>quod</span> <span class='ocrx_word' id='word_1_114' title='bbox 266 1969 349 2029; x_wconf 91' lang='lat' dir='ltr'>hanc</span> <span class='ocrx_word' id='word_1_115' title='bbox 372 1986 551 2046; x_wconf 83' lang='lat' dir='ltr'>supremam</span> <span class='ocrx_word' id='word_1_116' title='bbox 575 1968 715 2030; x_wconf 86' lang='lat' dir='ltr'>obtineat</span> <span class='ocrx_word' id='word_1_117' title='bbox 727 1969 965 2046; x_wconf 82' lang='lat' dir='ltr'>auctoritatem,</span> <span class='ocrx_word' id='word_1_118' title='bbox 991 1970 1042 2031; x_wconf 91' lang='lat' dir='ltr'>vel</span> <span class='ocrx_word' id='word_1_119' title='bbox 1068 1968 1093 2029; x_wconf 89' lang='lat' dir='ltr'>si</span> 
     </span>
     <span class='ocr_line' id='line_1_20' title="bbox 164 2061 1094 2144; baseline -0.002 -22"><span class='ocrx_word' id='word_1_120' title='bbox 164 2064 258 2144; x_wconf 87' lang='lat' dir='ltr'>plura</span> <span class='ocrx_word' id='word_1_121' title='bbox 271 2063 343 2138; x_wconf 89' lang='lat' dir='ltr'>sint,</span> <span class='ocrx_word' id='word_1_122' title='bbox 358 2062 402 2122; x_wconf 88' lang='lat' dir='ltr'>ita</span> <span class='ocrx_word' id='word_1_123' title='bbox 414 2061 476 2122; x_wconf 90' lang='lat' dir='ltr'>sint</span> <span class='ocrx_word' id='word_1_124' title='bbox 497 2061 665 2122; x_wconf 86' lang='lat' dir='ltr'>const&#39;tuta</span> <span class='ocrx_word' id='word_1_125' title='bbox 679 2064 714 2121; x_wconf 92' lang='lat' dir='ltr'>ut</span> <span class='ocrx_word' id='word_1_126' title='bbox 728 2079 791 2122; x_wconf 90' lang='lat' dir='ltr'>non</span> <span class='ocrx_word' id='word_1_127' title='bbox 813 2061 871 2121; x_wconf 89' lang='lat' dir='ltr'>nisi</span> <span class='ocrx_word' id='word_1_128' title='bbox 894 2081 931 2122; x_wconf 89' lang='lat' dir='ltr'>ex</span> <span class='ocrx_word' id='word_1_129' title='bbox 955 2061 1094 2122; x_wconf 90' lang='lat' dir='ltr'>omnium</span> 
     </span>
     <span class='ocr_line' id='line_1_21' title="bbox 165 2153 1096 2234; baseline -0.004 -18"><span class='ocrx_word' id='word_1_130' title='bbox 165 2154 397 2234; x_wconf 87' lang='lat' dir='ltr'>conspiratione</span> <span class='ocrx_word' id='word_1_131' title='bbox 423 2154 501 2233; x_wconf 89' lang='lat' dir='ltr'>legis</span> <span class='ocrx_word' id='word_1_132' title='bbox 526 2153 708 2215; x_wconf 88' lang='lat' dir='ltr'>deliberatio</span> <span class='ocrx_word' id='word_1_133' title='bbox 737 2154 957 2231; x_wconf 87' lang='lat' dir='ltr'>constituatur,</span> <span class='ocrx_word' id='word_1_134' title='bbox 987 2153 1096 2214; x_wconf 90' lang='lat' dir='ltr'>distin-</span> 
     </span>
     <span class='ocr_line' id='line_1_22' title="bbox 165 2246 1095 2328; baseline -0.001 -19"><span class='ocrx_word' id='word_1_135' title='bbox 165 2268 263 2328; x_wconf 83' lang='lat' dir='ltr'>guere</span> <span class='ocrx_word' id='word_1_136' title='bbox 277 2267 340 2308; x_wconf 91' lang='lat' dir='ltr'>non</span> <span class='ocrx_word' id='word_1_137' title='bbox 355 2251 485 2325; x_wconf 87' lang='lat' dir='ltr'>possunt</span> <span class='ocrx_word' id='word_1_138' title='bbox 499 2246 740 2328; x_wconf 87' lang='lat' dir='ltr'>plura&#39;snbjccta</span> <span class='ocrx_word' id='word_1_139' title='bbox 751 2265 821 2328; x_wconf 83' lang='lat' dir='ltr'>quae</span> <span class='ocrx_word' id='word_1_140' title='bbox 835 2247 946 2310; x_wconf 88' lang='lat' dir='ltr'>ecdem</span> <span class='ocrx_word' id='word_1_141' title='bbox 955 2250 1095 2326; x_wconf 84' lang='lat' dir='ltr'>tempore</span> 
     </span>
     <span class='ocr_line' id='line_1_23' title="bbox 166 2340 614 2420; baseline 0 -18"><span class='ocrx_word' id='word_1_142' title='bbox 166 2344 199 2402; x_wconf 90' lang='lat' dir='ltr'>in</span> <span class='ocrx_word' id='word_1_143' title='bbox 212 2341 375 2420; x_wconf 86' lang='lat' dir='ltr'>republica</span> <span class='ocrx_word' id='word_1_144' title='bbox 385 2342 489 2420; x_wconf 83' lang='lat' dir='ltr'>legem</span> <span class='ocrx_word' id='word_1_145' title='bbox 503 2340 614 2402; x_wconf 84' lang='lat' dir='ltr'>ferant.</span> 
     </span>
    </p>

    <p class='ocr_par' dir='ltr' id='par_1_10' title="bbox 169 2431 1099 2885">
     <span class='ocr_line' id='line_1_24' title="bbox 207 2431 1097 2512; baseline -0.006 -15"><span class='ocrx_word' id='word_1_146' title='bbox 207 2437 324 2497; x_wconf 83' lang='lat' dir='ltr'>Contra</span> <span class='ocrx_word' id='word_1_147' title='bbox 338 2437 443 2495; x_wconf 88' lang='lat' dir='ltr'>autem</span> <span class='ocrx_word' id='word_1_148' title='bbox 458 2433 571 2494; x_wconf 86' lang='lat' dir='ltr'>accidit</span> <span class='ocrx_word' id='word_1_149' title='bbox 594 2433 625 2492; x_wconf 90' lang='lat' dir='ltr'>in</span> <span class='ocrx_word' id='word_1_150' title='bbox 635 2432 756 2512; x_wconf 83' lang='lat' dir='ltr'>legibus</span> <span class='ocrx_word' id='word_1_151' title='bbox 770 2431 986 2495; x_wconf 87' lang='lat' dir='ltr'>ecclesiasticis</span> <span class='ocrx_word' id='word_1_152' title='bbox 1002 2451 1009 2493; x_wconf 91' lang='lat'>:</span> <span class='ocrx_word' id='word_1_153' title='bbox 1025 2446 1097 2494; x_wconf 90' lang='lat' dir='ltr'>cum</span> 
     </span>
     <span class='ocr_line' id='line_1_25' title="bbox 169 2525 1098 2605; baseline -0.002 -17"><span class='ocrx_word' id='word_1_154' title='bbox 169 2528 252 2588; x_wconf 90' lang='lat' dir='ltr'>enim</span> <span class='ocrx_word' id='word_1_155' title='bbox 274 2527 485 2588; x_wconf 85' lang='lat' dir='ltr'>substantialis</span> <span class='ocrx_word' id='word_1_156' title='bbox 500 2526 601 2586; x_wconf 87' lang='lat' dir='ltr'>forma</span> <span class='ocrx_word' id='word_1_157' title='bbox 614 2526 774 2605; x_wconf 87' lang='lat' dir='ltr'>regiminis</span> <span class='ocrx_word' id='word_1_158' title='bbox 787 2545 806 2586; x_wconf 89' lang='lat' dir='ltr'>a</span> <span class='ocrx_word' id='word_1_159' title='bbox 820 2525 942 2589; x_wconf 81' lang='lat' dir='ltr'>Christo</span> <span class='ocrx_word' id='word_1_160' title='bbox 957 2525 1098 2586; x_wconf 87' lang='lat' dir='ltr'>instituta</span> 
     </span>
     <span class='ocr_line' id='line_1_26' title="bbox 169 2619 1099 2700; baseline -0.004 -19"><span class='ocrx_word' id='word_1_161' title='bbox 169 2619 389 2682; x_wconf 82' lang='lat' dir='ltr'>indefectibilis</span> <span class='ocrx_word' id='word_1_162' title='bbox 401 2623 591 2700; x_wconf 86' lang='lat' dir='ltr'>perseverat,</span> <span class='ocrx_word' id='word_1_163' title='bbox 607 2620 693 2680; x_wconf 88' lang='lat' dir='ltr'>nulla</span> <span class='ocrx_word' id='word_1_164' title='bbox 704 2619 837 2698; x_wconf 88' lang='lat' dir='ltr'>proponi</span> <span class='ocrx_word' id='word_1_165' title='bbox 859 2621 962 2697; x_wconf 88' lang='lat' dir='ltr'>potest</span> <span class='ocrx_word' id='word_1_166' title='bbox 975 2635 1099 2678; x_wconf 89' lang='lat' dir='ltr'>succes-</span> 
     </span>
     <span class='ocr_line' id='line_1_27' title="bbox 170 2710 1098 2793; baseline -0.004 -19"><span class='ocrx_word' id='word_1_167' title='bbox 170 2714 228 2790; x_wconf 86' lang='lat' dir='ltr'>sio,</span> <span class='ocrx_word' id='word_1_168' title='bbox 245 2732 301 2774; x_wconf 88' lang='lat' dir='ltr'>seu</span> <span class='ocrx_word' id='word_1_169' title='bbox 313 2713 435 2789; x_wconf 85' lang='lat' dir='ltr'>melius,</span> <span class='ocrx_word' id='word_1_170' title='bbox 453 2711 609 2773; x_wconf 86' lang='lat' dir='ltr'>distinctio</span> <span class='ocrx_word' id='word_1_171' title='bbox 620 2711 911 2793; x_wconf 87' lang='lat' dir='ltr'>subjectorumquae</span> <span class='ocrx_word' id='word_1_172' title='bbox 924 2710 1098 2772; x_wconf 88' lang='lat' dir='ltr'>successive</span> 
     </span>
     <span class='ocr_line' id='line_1_28' title="bbox 171 2805 991 2885; baseline 0.002 -21"><span class='ocrx_word' id='word_1_173' title='bbox 171 2805 203 2866; x_wconf 91' lang='lat' dir='ltr'>in</span> <span class='ocrx_word' id='word_1_174' title='bbox 215 2806 355 2867; x_wconf 85' lang='lat' dir='ltr'>Ecclesia</span> <span class='ocrx_word' id='word_1_175' title='bbox 368 2805 446 2884; x_wconf 84' lang='lat' dir='ltr'>legis</span> <span class='ocrx_word' id='word_1_176' title='bbox 461 2805 632 2866; x_wconf 81' lang='lat' dir='ltr'>condendae</span> <span class='ocrx_word' id='word_1_177' title='bbox 645 2808 831 2885; x_wconf 88' lang='lat' dir='ltr'>potestatem</span> <span class='ocrx_word' id='word_1_178' title='bbox 844 2805 991 2866; x_wconf 87' lang='lat' dir='ltr'>habeant.</span> 
     </span>
    </p>

    <p class='ocr_par' dir='ltr' id='par_1_11' title="bbox 173 2897 1105 3616">
     <span class='ocr_line' id='line_1_29' title="bbox 211 2897 1100 2977; baseline -0.006 -16"><span class='ocrx_word' id='word_1_179' title='bbox 211 2901 257 2961; x_wconf 81' lang='lat' dir='ltr'>Ex</span> <span class='ocrx_word' id='word_1_180' title='bbox 282 2899 381 2961; x_wconf 89' lang='lat' dir='ltr'>altera</span> <span class='ocrx_word' id='word_1_181' title='bbox 397 2917 472 2960; x_wconf 91' lang='lat' dir='ltr'>vero</span> <span class='ocrx_word' id='word_1_182' title='bbox 494 2901 583 2977; x_wconf 89' lang='lat' dir='ltr'>parte</span> <span class='ocrx_word' id='word_1_183' title='bbox 607 2897 650 2958; x_wconf 90' lang='lat' dir='ltr'>ita</span> <span class='ocrx_word' id='word_1_184' title='bbox 671 2897 811 2960; x_wconf 81' lang='lat' dir='ltr'>Christus</span> <span class='ocrx_word' id='word_1_185' title='bbox 839 2897 971 2959; x_wconf 90' lang='lat' dir='ltr'>instituit</span> <span class='ocrx_word' id='word_1_186' title='bbox 991 2913 1100 2976; x_wconf 56' lang='lat' dir='ltr'>supreu</span> 
     </span>
     <span class='ocr_line' id='line_1_30' title="bbox 173 2987 1100 3068; baseline -0.006 -14"><span class='ocrx_word' id='word_1_187' title='bbox 173 3012 257 3054; x_wconf 91' lang='lat' dir='ltr'>mam</span> <span class='ocrx_word' id='word_1_188' title='bbox 279 2991 497 3053; x_wconf 85' lang='lat' dir='ltr'>auctoritatem</span> <span class='ocrx_word' id='word_1_189' title='bbox 514 2994 549 3051; x_wconf 90' lang='lat' dir='ltr'>ut</span> <span class='ocrx_word' id='word_1_190' title='bbox 559 2990 725 3052; x_wconf 85' lang='lat' dir='ltr'>contulerit</span> <span class='ocrx_word' id='word_1_191' title='bbox 735 3009 805 3052; x_wconf 87' lang='lat' dir='ltr'>eam</span> <span class='ocrx_word' id='word_1_192' title='bbox 816 2991 971 3068; x_wconf 86' lang='lat' dir='ltr'>integram</span> <span class='ocrx_word' id='word_1_193' title='bbox 984 2987 1100 3067; x_wconf 89' lang='lat' dir='ltr'>duplici</span> 
     </span>
     <span class='ocr_line' id='line_1_31' title="bbox 173 3079 1101 3166; baseline -0.005 -19"><span class='ocrx_word' id='word_1_194' title='bbox 173 3085 326 3166; x_wconf 84' lang='lat' dir='ltr'>subjecto,</span> <span class='ocrx_word' id='word_1_195' title='bbox 344 3103 457 3162; x_wconf 90' lang='lat' dir='ltr'>nempe</span> <span class='ocrx_word' id='word_1_196' title='bbox 479 3083 595 3162; x_wconf 89' lang='lat' dir='ltr'>pastori</span> <span class='ocrx_word' id='word_1_197' title='bbox 616 3085 716 3145; x_wconf 88' lang='lat' dir='ltr'>uniet</span> <span class='ocrx_word' id='word_1_198' title='bbox 737 3086 898 3162; x_wconf 88' lang='lat' dir='ltr'>pastorum</span> <span class='ocrx_word' id='word_1_199' title='bbox 913 3079 1054 3159; x_wconf 83' lang='lat' dir='ltr'>collegio,</span> <span class='ocrx_word' id='word_1_200' title='bbox 1070 3083 1101 3142; x_wconf 87' lang='lat' dir='ltr'>ct</span> 
     </span>
     <span class='ocr_line' id='line_1_32' title="bbox 174 3173 1101 3256; baseline -0.008 -16"><span class='ocrx_word' id='word_1_201' title='bbox 174 3179 347 3240; x_wconf 86' lang='lat' dir='ltr'>secundum</span> <span class='ocrx_word' id='word_1_202' title='bbox 370 3178 451 3237; x_wconf 86' lang='lat' dir='ltr'>banc</span> <span class='ocrx_word' id='word_1_203' title='bbox 475 3176 665 3256; x_wconf 89' lang='lat' dir='ltr'>primitivam</span> <span class='ocrx_word' id='word_1_204' title='bbox 689 3175 932 3251; x_wconf 81' lang='lat' dir='ltr'>inst&#39;tutionem,</span> <span class='ocrx_word' id='word_1_205' title='bbox 963 3173 1101 3234; x_wconf 78' lang='lat' dir='ltr'>Ecclesia</span> 
     </span>
     <span class='ocr_line' id='line_1_33' title="bbox 174 3266 1099 3346; baseline -0.008 -13"><span class='ocrx_word' id='word_1_206' title='bbox 174 3272 218 3333; x_wconf 88' lang='lat' dir='ltr'>ita</span> <span class='ocrx_word' id='word_1_207' title='bbox 245 3269 465 3333; x_wconf 86' lang='lat' dir='ltr'>determinavit</span> <span class='ocrx_word' id='word_1_208' title='bbox 482 3269 558 3330; x_wconf 88' lang='lat' dir='ltr'>alios</span> <span class='ocrx_word' id='word_1_209' title='bbox 582 3268 736 3330; x_wconf 81' lang='lat' dir='ltr'>inferioris</span> <span class='ocrx_word' id='word_1_210' title='bbox 762 3266 955 3328; x_wconf 88' lang='lat' dir='ltr'>auctoritatis</span> <span class='ocrx_word' id='word_1_211' title='bbox 970 3267 1099 3346; x_wconf 87' lang='lat' dir='ltr'>gradus,</span> 
     </span>
     <span class='ocr_line' id='line_1_34' title="bbox 175 3358 1103 3444; baseline -0.01 -18"><span class='ocrx_word' id='word_1_212' title='bbox 175 3368 209 3426; x_wconf 90' lang='lat' dir='ltr'>ut</span> <span class='ocrx_word' id='word_1_213' title='bbox 232 3383 356 3444; x_wconf 90' lang='lat' dir='ltr'>semper</span> <span class='ocrx_word' id='word_1_214' title='bbox 370 3363 474 3443; x_wconf 89' lang='lat' dir='ltr'>aliquo</span> <span class='ocrx_word' id='word_1_215' title='bbox 489 3362 583 3424; x_wconf 92' lang='lat' dir='ltr'>modo</span> <span class='ocrx_word' id='word_1_216' title='bbox 594 3362 773 3432; x_wconf 84' lang='lat' dir='ltr'>verificetur</span> <span class='ocrx_word' id='word_1_217' title='bbox 793 3360 878 3439; x_wconf 87' lang='lat' dir='ltr'>quod</span> <span class='ocrx_word' id='word_1_218' title='bbox 897 3358 987 3420; x_wconf 91' lang='lat' dir='ltr'>simul</span> <span class='ocrx_word' id='word_1_219' title='bbox 1003 3363 1034 3420; x_wconf 88' lang='lat' dir='ltr'>ct</span> <span class='ocrx_word' id='word_1_220' title='bbox 1046 3375 1103 3442; x_wconf 81' lang='lat' dir='ltr'>per</span> 
     </span>
     <span class='ocr_line' id='line_1_35' title="bbox 176 3451 1105 3538; baseline -0.009 -20"><span class='ocrx_word' id='word_1_221' title='bbox 176 3475 274 3518; x_wconf 91' lang='lat' dir='ltr'>unum</span> <span class='ocrx_word' id='word_1_222' title='bbox 296 3459 471 3536; x_wconf 82' lang='lat' dir='ltr'>pastorem,</span> <span class='ocrx_word' id='word_1_223' title='bbox 503 3459 535 3517; x_wconf 89' lang='lat' dir='ltr'>et</span> <span class='ocrx_word' id='word_1_224' title='bbox 559 3475 615 3538; x_wconf 85' lang='lat' dir='ltr'>per</span> <span class='ocrx_word' id='word_1_225' title='bbox 638 3458 799 3534; x_wconf 87' lang='lat' dir='ltr'>pastorum</span> <span class='ocrx_word' id='word_1_226' title='bbox 826 3453 991 3536; x_wconf 86' lang='lat' dir='ltr'>collegium</span> <span class='ocrx_word' id='word_1_227' title='bbox 1017 3451 1105 3536; x_wconf 77' lang='lat' dir='ltr'>leges</span> 
     </span>
     <span class='ocr_line' id='line_1_36' title="bbox 176 3551 329 3616; baseline -0.02 -1"><span class='ocrx_word' id='word_1_228' title='bbox 176 3551 329 3616; x_wconf 85' lang='lat' dir='ltr'>feruntur.</span> 
     </span>
    </p>
   </div>
   <div class='ocr_carea' id='block_1_9' title="bbox 266 3645 1001 3718">
    <p class='ocr_par' dir='ltr' id='par_1_12' title="bbox 266 3645 1001 3718">
     <span class='ocr_line' id='line_1_37' title="bbox 266 3645 1001 3718; baseline 0 0"><span class='ocrx_word' id='word_1_229' title='bbox 266 3671 329 3718; x_wconf 82' lang='lat' dir='ltr'>rou.</span> <span class='ocrx_word' id='word_1_230' title='bbox 345 3672 364 3717; x_wconf 81' lang='grc' dir='ltr'>ι.</span> <span class='ocrx_word' id='word_1_231' title='bbox 939 3688 941 3692; x_wconf 92' lang='grc'>-</span> <span class='ocrx_word' id='word_1_232' title='bbox 984 3645 1001 3718; x_wconf 69' lang='lat'>³</span> 
     </span>
    </p>
   </div>
   <div class='ocr_carea' id='block_1_10' title="bbox 0 0 1286 4014">
    <p class='ocr_par' dir='ltr' id='par_1_13' title="bbox 0 0 1286 4014">
     <span class='ocr_line' id='line_1_38' title="bbox 0 0 1286 4014; baseline 0 0"><span class='ocrx_word' id='word_1_233' title='bbox 0 0 1286 4014; x_wconf 95' lang='lat' dir='ltr'> </span> 
     </span>
    </p>
   </div>
  </div>
 </body>
</html>
