2512 4012
152 233 211 296 236
364 245 592 294 rnsrrrurrouas
613 247 696 293 runrs
718 245 872 293 canorum.

191 394 264 454 Haec
290 395 396 452 autem
424 395 523 452 sunt:
553 393 583 452 l⁰
605 389 783 469 baptizare3
810 407 883 450 nam
907 389 1085 468 baptismus

151 486 256 546 locum
282 487 367 546 tenet
397 484 608 564 generationis
635 485 666 544 in
699 487 843 563 respectu
871 482 1024 562 spirituali
1054 486 1087 544 et

151 577 375 650 ecclesiastem
393 581 423 638 2⁰
438 579 543 638 omnia
557 581 754 638 sacramenta
775 578 822 637 uel
844 575 1087 637 sacramentalia

151 672 292 731 conferre
319 689 389 750 quae
415 689 478 731 non
500 671 655 732 excedunt
683 671 898 731 characterem
920 669 1087 749 presbyte-

152 765 260 825 ralem.
288 764 343 824 His
371 765 575 826 sacramentis
602 770 633 826 et
655 763 935 825 sacramentalibus
963 762 1084 838 alitur,

152 861 326 935 reparatur,
347 858 518 936 perficitur,
539 861 742 919 conservatur
764 876 862 937 usque
887 856 927 916 ad
947 859 1086 916 mortem

153 968 190 1009 ea
204 949 269 1010 rita
282 951 451 1028 spiritualis
470 970 539 1030 quae
557 969 614 1030 per
626 951 817 1028 baptismum
831 953 907 1010 nata
917 952 973 1009 est.
991 949 1086 1010 Unde

153 1043 309 1122 parochus
321 1044 351 1104 vi
367 1044 459 1104 officii
473 1044 531 1121 sui,
543 1044 633 1106 sicuti
648 1043 800 1104 familiam
813 1042 924 1104 Christi
935 1060 992 1120 per
1003 1041 1087 1122 bap-

152 1136 278 1197 tismum
301 1141 448 1214 generat,
472 1137 515 1198 ita
539 1137 619 1198 hanc
641 1136 844 1197 christianam
866 1134 990 1195 familia
1014 1153 1085 1195 suae

153 1227 250 1288 vitam
272 1227 354 1308 regit
376 1247 412 1288 oc
433 1229 626 1290 moderatur.
647 1231 713 1290 Imo
738 1247 796 1289 nec
819 1232 919 1288 morte
943 1226 1087 1304 corporis

154 1339 282 1381 suorum
295 1321 570 1400 parochianorum,
584 1326 750 1402 paternum
766 1321 863 1382 hocce
880 1320 1009 1399 parochi
1028 1338 1088 1379 ex-

152 1413 234 1492 pirat
247 1413 399 1488 officium;
412 1433 487 1476 nam
496 1433 568 1476 cum
578 1415 643 1477 vita
652 1415 821 1494 spiritualis
831 1416 931 1474 morte
943 1412 1087 1492 corporis

152 1525 214 1566 non
242 1507 461 1586 extinguatur,
492 1508 648 1586 parochus
677 1526 785 1569 euram
814 1525 903 1568 suam
926 1503 1090 1585 protendit

153 1600 300 1660 etiamad
313 1600 478 1677 servanda,
495 1600 761 1680 custodiendaque
786 1617 915 1660 suorum
938 1616 1086 1676 corpora,

153 1708 222 1772 qum
238 1693 325 1753 novit
346 1692 378 1752 in
397 1693 515 1753 mundi*
526 1694 588 1754 fine
603 1694 643 1754 ad
657 1693 791 1774 gloriam
810 1696 960 1753 aternam
979 1709 1090 1751 resur-

152 1789 362 1847 rectura—3¹·
372 1787 418 1847 Ex
431 1787 542 1847 eodem
554 1787 706 1866 principio
719 1786 860 1866 sequitur
869 1785 998 1863 parochi
1015 1802 1088 1844 esse

154 1882 188 1938 ut
203 1878 410 1956 parochianos
424 1896 496 1938 suos
511 1878 633 1957 doceat,
642 1879 784 1940 instituat
798 1882 828 1939 et
838 1877 989 1956 corrigam
1006 1876 1089 1937 filio-

154 1990 223 2030 rum
240 1971 323 2030 enim
337 1971 420 2031 hona
432 1970 583 2032 institutio
597 1977 764 2051 paternum
778 1975 825 2032 est
838 1970 986 2032 officium.

129 2083 131 2086 ·
194 2067 225 2124 5⁰
234 2066 307 2124 Haec
317 2063 527 2142 parochorum
535 2065 716 2142 auotoritas,
727 2083 796 2144 quae
805 2062 974 2144 aliquando
984 2063 1092 2123 exolu-

154 2155 218 2216 sive
228 2156 303 2234 ipsis
314 2157 770 2235 competebat,perrecentiora
780 2156 944 2236 privilegia
954 2156 986 2215 in
997 2155 1089 2216 favo-

105 2318 113 2327 ,
153 2268 220 2309 rem
243 2251 309 2308 tum
322 2249 525 2328 regularium,
545 2254 612 2311 tum
628 2250 720 2310 etiam
741 2249 948 2324 secularium,
968 2267 1089 2326 magna

154 2357 190 2402 ex
214 2345 302 2422 parte
330 2342 490 2404 deminuta
512 2343 568 2404 est.
593 2345 671 2402 Nam
692 2343 800 2404 fideles
824 2337 886 2403 non
912 2343 1034 2402 tantum
1053 2341 1086 2400 in

152 2435 301 2515 paroecia,
310 2437 365 2497 sed
376 2435 469 2498 etiam
480 2435 509 2495 in
522 2435 589 2496 aliis
599 2435 735 2496 ecclesiis
743 2437 834 2514 plura
842 2438 974 2514 possunt
982 2453 1086 2495 saera·

152 2533 272 2606 menta,
298 2531 461 2609 ipsamque
492 2528 693 2590 christianam
717 2529 908 2606 sepulturam
930 2527 1082 2589 obtinere.

153 2623 242 2684 Unde
257 2643 295 2683 ex
305 2623 364 2683 hac
374 2625 463 2702 parte
473 2619 661 2699 parochialis
671 2620 1081 2682 imminutaestauctoritas.

193 2716 255 2775 Sed
277 2715 373 2794 viget,
394 2713 568 2794 generatim
580 2714 748 2792 loquendo,
776 2717 930 2794 quatenus
946 2713 1084 2792 exceptis

152 2807 200 2866 his
215 2807 384 2886 privilegiis
398 2805 649 2884 particularibus
667 2807 837 2886 spiritualis
852 2825 928 2867 cura
944 2806 1084 2885 singulo-

152 2917 222 2959 rum
238 2899 477 2960 ohristianorum
491 2899 665 2976 respective
687 2900 826 2978 parocho
847 2899 974 2960 omniuo
995 2915 1083 2959 com-

151 2992 247 3052 missa
261 2992 404 3053 hahetur.

191 3086 328 3145 XXXVI.
351 3082 396 3144 De
416 3083 534 3144 vicariis
550 3085 758 3165 parochorum.
770 3119 810 3130 -
823 3084 871 3148 Ad
895 3087 1084 3163 presentem

151 3177 346 3238 tractationis
361 3177 470 3256 primae
485 3181 607 3255 partem
622 3177 863 3254 absolvendam,
884 3195 953 3256 quae
969 3195 1083 3255 nempe

151 3363 292 3443 personis
308 3364 523 3442 considerata,
546 3364 715 3426 dicendum
728 3366 775 3424 est
789 3364 827 3424 de
842 3361 967 3425 vicariis
988 3379 1083 3442 paro-

151 3457 293 3519 chorum.
