2484 4016
181 305 239 364 em
388 313 618 364 rusrrrunoass
638 315 723 363 runis
745 314 900 364 circumi.

181 460 300 524 stitutio
318 459 596 537 intercluderetur,
615 463 646 521 et
661 459 733 522 novi
755 459 874 522 ordinis
895 460 1011 522 erectio
1024 458 1118 523 fieret

182 573 278 617 causa
289 552 402 633 major,
423 569 492 632 quae
505 570 618 632 nempe
629 553 725 631 priori
738 553 807 614 sedi
817 558 1043 615 reservaretur.

223 648 288 708 XII.
315 648 455 719 Quatuor
483 645 578 724 igitur
592 645 747 724 primariae
767 646 887 725 species
902 646 1118 708 institutorum

180 739 372 819 regularium
394 737 488 818 hujus
514 738 643 800 artatis:
669 743 699 800 1⁰
721 739 858 818 capitula
890 739 1117 801 canonicorum

180 831 390 912 regularium
428 835 459 892 2⁰
494 831 619 892 ordines
658 838 817 910 equestres
853 853 909 894 seu
944 833 1117 907 militares3

181 929 213 988 3⁰
226 925 352 987 ordines
371 923 594 1002 redemptionis
609 925 820 1003 captivorum3
837 930 869 986 4⁰
882 926 1008 988 ordines
1028 945 1119 986 men·

180 1018 362 1081 dicentium.
374 1017 462 1091 Quod
471 1016 570 1078 ultimi
578 1018 703 1096 generis
711 1018 899 1096 institutum,
907 1019 973 1080 sive
983 1018 1119 1080 oblatis·

179 1115 292 1174 simam
313 1130 408 1191 quam
423 1110 534 1172 habuit
546 1111 828 1191 propagationem,
847 1113 913 1173 sive
931 1112 971 1174 oh
987 1112 1120 1191 amplis-

180 1205 259 1268 sima
273 1203 437 1285 privilegia
450 1204 564 1283 quihus
574 1204 710 1264 ditatum
722 1208 780 1282 est,
792 1204 859 1266 sire
871 1205 946 1285 quia
957 1205 1017 1265 fuit
1031 1205 1122 1266 velut

180 1315 290 1360 norma
304 1297 477 1358 secundum
495 1315 591 1375 quam
607 1297 699 1376 plura
713 1297 776 1358 alia
791 1297 934 1359 instituta
944 1301 979 1359 ut
992 1297 1121 1358 mendi-

180 1391 284 1454 cantis
300 1389 467 1470 approbari
482 1389 661 1467 voluerunt,
676 1391 739 1451 tale
756 1391 915 1453 constituit
928 1392 1122 1452 elementum

180 1486 210 1546 in
229 1484 295 1546 vita
308 1482 502 1562 regulari,ut
514 1482 645 1561 epochae
656 1482 731 1544 huic
743 1502 857 1545 nomen
869 1484 945 1545 dare
958 1482 1118 1547 videatur.

220 1581 252 1638 1ο
274 1575 415 1640 Cccocici
425 1575 584 1655 reputares.
601 1576 779 1638 inclinante
791 1577 905 1638 saeculo
921 1581 1046 1657 quarto,
1058 1579 1121 1638 llu-

181 1671 297 1747 sebius,
309 1669 473 1748 episcopus
484 1668 702 1745 vercellensis,
716 1673 809 1730 antea
822 1670 1007 1747 monachus„
1017 1671 1120 1732 vitam

180 1780 380 1826 communem
394 1760 623 1822 monachorum
639 1761 671 1820 in
686 1761 805 1824 clerum
824 1781 916 1823 suum
931 1763 1118 1825 introduxit.

179 1855 464 1919 Institutumhocin
477 1854 661 1916 aliasltaliae
676 1856 824 1917 ecclesias
833 1859 1042 1936 propagatum
1056 1857 1118 1919 est.

179 1949 322 2030 Degehat
337 1967 374 2010 eo
392 1948 506 2009 saeculo
526 1947 693 2009 Mediolani
717 1950 927 2029 Augustinus,
951 1950 1010 2011 sub
1026 1949 1121 2011 disci-

180 2043 266 2124 plina
287 2042 386 2103 sancti
411 2041 569 2102 Ambrosii
592 2041 751 2120 episcopi,
773 2045 804 2105 et
820 2043 880 2105 hoc
895 2058 984 2104 more
1009 2043 1119 2106 italico

181 2137 260 2198 adeo
275 2136 447 2196 delectatus
462 2141 519 2211 est,
533 2138 567 2195 ut
579 2135 619 2194 ad
627 2135 802 2196 llcclesiam
812 2137 1049 2217 Hipponensem
1066 2155 1121 2198 as-

180 2234 334 2307 sumptus,
347 2227 379 2286 in
395 2227 476 2287 hene
489 2227 665 2288 Ecclesiam
679 2228 768 2289 illum
788 2227 971 2291 introduxit.
988 2229 1046 2291 Hie
1070 2245 1120 2291 re·

180 2322 288 2402 gulam
302 2320 425 2398 scripsit
436 2339 455 2380 a
467 2319 589 2380 clericis
603 2321 667 2389 suis
682 2322 863 2383 tenendam.
878 2325 977 2382 Fama
989 2325 1121 2403 Augus-

180 2415 248 2492 tini,
265 2433 322 2494 per
336 2417 461 2475 aetatem
483 2413 569 2472 illam
585 2414 848 2491 celebratissima,
873 2415 976 2475 effecit
990 2419 1026 2477 ut
1047 2417 1120 2482 haec

181 2506 346 2586 disciplina
360 2525 379 2566 a
395 2506 517 2567 caeteris
534 2505 728 2584 reciperetur
747 2508 903 2584 ecelesiiS,
927 2508 1121 2570 evaderetur

180 2601 295 2662 saeculo
308 2599 415 2679 quinto
432 2597 595 2676 disciplina
605 2601 792 2663 communis.

220 2697 294 2754 llaec
308 2693 435 2753 fuerunt
448 2690 607 2769 primitiva
619 2694 741 2754 semina
756 2713 826 2774 quae
836 2694 922 2775 jacta
932 2698 1005 2756 sunt
1021 2694 1120 2776 hujus

180 2785 383 2848 institutionis
403 2783 626 2846 canonicorum
643 2787 858 2866 regularium
886 2787 942 2848 sed
969 2805 1032 2848 non
1057 2788 1121 2849 fuit

180 2879 332 2942 institutio
342 2877 481 2956 perfecta
492 2877 523 2935 in
535 2896 602 2938 esse
614 2879 763 2957 regulari,
773 2880 928 2960 siquidem
939 2881 1051 2959 regula
1066 2881 1118 2942 vel

180 2972 342 3036 convictus
355 2969 529 3032 communis
541 2988 598 3048 per
612 2990 645 3030 sc
660 2972 822 3050 regulares
838 2991 900 3034 non
915 2973 991 3033 facit
1005 2973 1117 3036 stricto

180 3085 294 3144 sensu,
320 3063 426 3144 prouti
450 3063 660 3125 communiter
691 3066 853 3144 regulares
885 3083 947 3126 nou
982 3065 1119 3128 dicimus

180 3161 324 3221 alumnos
335 3173 443 3218 omnes
456 3154 589 3234 alicujus
605 3157 738 3236 collegii,
757 3162 816 3220 etc.

221 3253 283 3314 Sed
298 3251 336 3312 od
354 3251 413 3310 hoc
434 3255 468 3309 ut
490 3249 600 3327 regula
617 3250 780 3330 religiosas
800 3251 905 3328 faciat,
921 3269 1050 3313 neeesse
1066 3257 1117 3314 est

179 3349 215 3408 ut
226 3345 379 3424 dirigetur
392 3342 432 3402 ad
446 3341 628 3403 exercitium
643 3345 834 3424 evangelicae
849 3344 1064 3423 perfectionis,
1085 3351 1119 3407 et

179 3444 331 3517 tanquam
358 3437 397 3496 de
421 3435 549 3496 consilio
576 3439 758 3515 spontaneae
785 3438 939 3501 individui
967 3439 1119 3500 electioni

178 3529 383 3610 relinquetur.
399 3529 471 3592 lam
485 3545 561 3592 vero
574 3530 686 3614 regula
700 3531 779 3614 hac,
788 3551 845 3617 per
859 3533 1011 3596 seculum
1026 3533 1119 3620 quiu-
