2484 4016
369 261 408 308 or
429 261 559 310 cessero
577 261 661 310 uunts
683 262 838 312 cnuonrcn
1010 250 1069 314 305

132 406 260 489 pietatis
271 407 505 486 etpccuiteutiae
513 407 652 469 studium
663 409 747 488 quod
758 429 815 490 per
823 409 962 490 rigorem
971 409 1070 490 poeni-

132 501 242 564 tantiae
255 497 389 580 publicae
401 501 602 563 obtinebatur
611 500 642 562 in
653 503 803 582 Ecclesia,
813 504 966 585 quasdam
977 522 1082 599 pecu-y

21 593 22 596 ’
133 595 230 656 liares
241 593 406 654 societates
421 593 558 654 inierunt
570 594 641 654 laici
657 598 692 656 ut
701 595 825 674 pietatis
835 597 1068 676 etpocniientiae

134 687 285 767 operibus
308 687 434 766 speciali
450 687 544 749 modo
565 687 797 750 addicerentur.
819 691 894 752 llaec
912 689 1069 753 consortia

133 781 260 842 laicalia
284 780 432 842 canonice
457 784 487 842 et
508 781 703 861 frequenter,
727 782 790 844 imo
806 783 991 863 plerumque
1010 783 1067 844 sub

133 875 333 936 invocatione
348 874 479 955 alicujus
494 876 591 936 sancti
607 876 749 938 inst'tuta
762 879 845 953 sunt,
863 895 901 938 ca
911 879 1017 938 mente
1032 879 1069 938 ut

135 968 308 1029 confratres
323 968 373 1028 vel
390 985 574 1035 consorores
591 969 727 1048 pietatis,
743 969 898 1047 caritatiS,
914 969 1067 1048 paeniten-

133 1063 249 1142 tiaeque
266 1061 420 1122 exercitiis
440 1079 508 1122 sese
535 1061 694 1124 addicant.
712 1063 813 1142 Vulgo
828 1063 1001 1143 confratria
1012 1081 1067 1124 seu

134 1153 275 1216 sodalitio
288 1154 391 1216 solent
402 1155 520 1218 vocari.

175 1249 295 1310 Horum
310 1246 526 1308 sodalitiorum
549 1246 668 1325 species
682 1265 763 1325 pene
777 1247 906 1310 infinitae
922 1253 995 1311 suni
1008 1267 1066 1328 pro

133 1341 227 1421 genio·
243 1339 443 1402 multiformis
459 1340 584 1420 pietatis
604 1342 636 1401 et
653 1340 792 1402 caritatis
804 1341 843 1420 in[
854 1342 993 1404 Ecclesia
1005 1342 1068 1402 fer-

134 1434 237 1496 ventis
251 1437 282 1495 et
291 1451 348 1512 pro
359 1437 538 1512 temporum
552 1434 806 1511 circumstantiis,
817 1453 887 1515 quae
900 1454 997 1498 unum
1013 1439 1068 1497 aut

134 1527 221 1590 aliud
235 1526 413 1589 institutum
433 1525 508 1588 visae
524 1531 596 1589 sunt
616 1527 786 1606 postulare.
807 1528 1068 1590 Discriminantur

133 1626 305 1701 propterea
317 1620 438 1681 ratione
452 1619 523 1701 fines
532 1621 676 1700 specialis
685 1622 725 1683 ob
741 1621 1065 1702 queminslituuntur3

21 1711 22 1778 ξ
134 1734 164 1776 v.
175 1733 207 1793 g.
219 1714 258 1773 ad
269 1712 519 1792 promovendum
529 1715 648 1774 cultum
658 1714 851 1777 Sanctissimi
860 1712 1065 1790 Sacramenti,

21 1801 22 1836 ³
133 1807 174 1869 ad
193 1807 444 1886 promovendam
456 1807 656 1869 devotionem
670 1809 797 1885 roserii,
814 1808 855 1869 ad
869 1805 1067 1886 recipiendos

21 1955 22 1958 ,
134 1899 328 1980 peregrinos,
346 1901 583 1973 ete.;-ratione
598 1901 663 1977 loci,
679 1902 819 1981 ecclesiae
829 1901 879 1962 vel
894 1899 1021 1979 capellae
1034 1899 1066 1959 in

21 2001 23 2054 ὲ
135 2013 198 2074 qua
208 1998 281 2053 sunt
291 1992 432 2053 inst'tuta
440 1993 611 2066 3—rati0ne
623 1994 818 2075 subjectorum
828 1995 941 2075 quibus
949 1992 1067 2054 coales-

21 2097 22 2130 ἒ
134 2090 220 2164 cunt,
237 2086 406 2166 aliquando
421 2087 514 2148 unius
526 2088 577 2148 vel
591 2089 754 2168 utriusque
767 2107 868 2165 sexus„
887 2091 1007 2160 etc.;-
1016 2104 1067 2146 ra-

21 2189 22 2238 t
133 2179 219 2240 tione
229 2178 590 2260 antiquitatis-ratione
599 2180 846 2260 privilegiorum,
856 2179 1066 2260 potissimum·

134 2289 195 2350 que
210 2271 469 2351 ebdomadarum,
481 2271 594 2351 quibus
604 2273 759 2351 gaudent;
773 2273 818 2335 ita
829 2277 864 2335 ut
874 2271 1065 2352 impossibile

21 2389 22 2420 ;
133 2365 199 2426 iere
228 2364 268 2426 sit
292 2364 361 2426 hac
389 2364 495 2426 omnia
525 2365 566 2425 ad
594 2384 690 2427 unam
718 2369 898 2445 certamque
924 2364 1065 2445 regulam

21 2479 22 2508 1
132 2458 262 2520 referre.

172 2551 235 2612 Sed
252 2550 334 2611 inter
348 2552 463 2630 omnia,
478 2553 532 2614 illa
551 2555 687 2616 emicant
703 2552 901 2632 potissimum
916 2550 1062 2629 collegia,

132 2663 170 2704 ex
182 2644 258 2706 viris
272 2644 490 2723 coalescentia,
504 2647 616 2726 quaein
627 2647 733 2726 aliqua
746 2645 879 2707 ecclesia
891 2648 963 2706 sunt
975 2661 1067 2704 eano-

21 2733 22 2774 ³
131 2737 200 2800 nice
220 2736 362 2798 instituta
380 2741 415 2799 ut
435 2738 517 2799 illius
538 2740 746 2818 temporalem
761 2735 1065 2800 administrationem

21 2847 22 2860 ³
133 2830 282 2908 habeant,
301 2834 336 2893 ut
350 2831 523 2892 confratres
539 2833 642 2912 aliquo
653 2832 779 2911 speciali
791 2832 901 2892 habitu
912 2830 963 2892 uel
975 2848 1064 2892 sacro

133 2923 235 2986 induti
254 2923 294 2984 ad
317 2923 416 2986 instar
435 2924 600 3006 cujusdam
621 2926 744 3004 collegii
769 2924 921 2987 clericalis
937 2926 1065 3003 possent

21 3031 22 3050 ³
131 3017 230 3079 sacris
237 3016 449 3079 functionibus
459 3017 616 3096 assistere,
629 3011 736 3080 etune
747 3019 913 3080 cumelero
924 3017 1065 3096 inpubli-

134 3111 176 3172 cis
191 3109 471 3190 supplicationibus
487 3111 646 3172 associari.

173 3205 249 3276 Ouae
273 3221 348 3265 uero
370 3221 432 3265 non
454 3208 585 3284 possunt
603 3205 707 3266 iacere
730 3207 882 3284 tanquam
902 3201 989 3281 laici,
1010 3203 1065 3264 illa

21 3321 22 3326 ¹
134 3315 190 3378 per
203 3297 373 3377 quemdam
388 3298 537 3361 clericum
551 3317 607 3359 seu
621 3299 819 3378 capellanum
834 3300 997 3377 praestant,
1010 3297 1064 3377 qui

134 3391 173 3451 ad
187 3390 248 3451 hoc
262 3390 432 3469 deputatur
445 3395 480 3452 ut
494 3392 526 3453 in
539 3392 636 3454 sacris
651 3389 808 3453 deserviat
821 3391 1040 3453 confrat1ibua

173 3485 224 3547 lV.
248 3482 352 3546 'lertia
367 3486 525 3564 categoria
539 3489 662 3548 constat
676 3504 715 3548 ex
727 3484 765 3546 iis
780 3485 918 3565 collegiis
932 3501 1001 3566 quea
1016 3483 1064 3545 in-
