2546 4016
353 317 461 368 eomer
483 319 637 368 seperius
656 321 739 368 roms
761 317 917 370 errorem.
1045 310 1105 374 itti

160 483 245 546 rem,
260 485 325 530 non
334 485 411 528 vero
421 467 453 527 in
460 466 596 547 juribus,
607 467 852 546 etpoteststibus
863 467 1040 548 disparatis.
1052 467 1103 532 Sie

161 562 315 624 sacerdos
329 561 484 622 eonfiters
499 563 602 638 potest
612 560 852 637 Euohsristism‚
866 562 951 642 quod
963 564 1011 624 est
1019 563 1100 642 plus,

162 674 230 718 oon
243 658 351 716 tamen
365 651 510 714 ordinere
521 651 662 730 elericos,
670 657 725 714 sut
737 653 885 715 eoolosiss
895 671 1099 732 oonseorere,

162 748 252 830 quod
268 750 316 808 est
327 746 441 807 minus.
457 747 540 806 Item¹
553 746 666 807 mulier
680 746 764 808 bons
788 764 846 808 sus
870 747 959 812 elteri
984 748 1102 810 donare

161 843 287 920 potest3
304 857 369 900 non
382 841 489 899 tomen
507 837 682 918 fidejubere
697 856 754 918 pro
772 839 825 900 illo
845 857 883 899 ex
900 841 979 902 soto
1002 841 1104 902 Velle·

158 933 239 1014 jano
265 927 368 992 haeres
399 931 487 991 edire
515 933 618 1010 potest
641 934 742 993 totam
770 931 1012 1008 haereditatem,
1040 951 1102 994 non

161 1029 273 1086 tomen
290 1042 348 1104 pro
360 1026 449 1103 porte
464 1041 536 1084 eam
548 1023 703 1084 scindere.

206 1121 255 1180 18·
278 1116 338 1191 Oui
347 1117 437 1197 prior
467 1124 509 1177 est
533 1124 661 1196 tempore
677 1162 684 1194 ,
703 1117 806 1197 potior
831 1125 873 1178 est
897 1116 980 1199 jure.
1012 1119 1103 1182 Volet
1157 1115 1160 1121 ’

160 1214 196 1282 in
225 1205 433 1290 pignoribus,
464 1212 496 1271 et
521 1209 590 1269 aliis
619 1209 852 1287 contractibus,
880 1211 914 1272 in
940 1211 1014 1274 dote
1037 1229 1101 1272 res-

162 1304 340 1382 oriptorum
354 1306 418 1364 ete·
432 1301 534 1378 Fallit,
549 1301 575 1362 si
590 1302 1101 1384 superveniatfortiorprivilegia-

160 1404 224 1474 tus,
247 1400 282 1458 ut
293 1393 507 1475 providendus
522 1394 708 1455 auctoritate
726 1395 898 1474 apostoliea
922 1396 954 1456 in
978 1396 1103 1459 osnoni-

160 1487 1102 1566 eatu‚mulieroumdoterespeotupupiili‚ete.;itemintes-

158 1581 322 1658 tementis,
345 1580 481 1660 legibus,
512 1579 646 1656 statutis,
673 1579 847 1658 posteriora
877 1580 1001 1658 potiore
1027 1587 1100 1642 sunt

160 1675 334 1755 prioribus.
664 1701 666 1706 ·

204 1772 253 1830 19·
278 1766 336 1841 Oos'
347 1767 437 1828 sentit
447 1787 528 1844 onus,
539 1767 647 1829 sentire
665 1763 747 1828 debet
761 1766 950 1844 commodum,
961 1776 990 1829 et
1004 1787 1018 1829 e
1030 1787 1097 1829 ron·

162 1873 235 1924 tro:
249 1861 404 1922 secondum
428 1869 564 1922 naturam
584 1867 626 1922 est
644 1858 791 1922 cmmoda
809 1861 948 1942 cujusquo
969 1860 1016 1922 rei
1031 1879 1095 1923 eum

159 1955 254 2038 sequi,
282 1973 366 2036 quem
383 1961 543 2035 sequuntur
565 1953 754 2016 incommodo.
781 1954 916 2034 Excipe,
940 1954 998 2016 nisi
1026 1955 1096 2035 quis

161 2047 328 2131 privilegio
340 2047 495 2109 eximatur
509 2048 549 2108 oh
563 2065 670 2124 onere,
687 2046 732 2108 sio
747 2047 830 2108 enim
845 2046 981 2124 smine,
994 2050 1026 2109 et
1038 2067 1097 2126 pu-

160 2143 256 2222 pillus
266 2143 420 2203 vooontur
435 2141 476 2202 ed
486 2139 687 2202 commodum
696 2138 901 2217 haereditatis,
913 2157 976 2202 non
989 2143 1094 2201 temen

161 2234 373 2296 onustutelae.
858 2279 863 2286 »
1107 2226 1113 2240 ’

202 2331 254 2390 20·
274 2327 311 2388 Io
338 2347 370 2389 re
396 2327 542 2389 communi
562 2325 665 2408 potior
688 2335 730 2390 est
752 2325 878 2389 corditio
896 2325 1091 2408 prohibentis.

161 2420 256 2486 Volet
266 2421 298 2481 in
310 2439 345 2482 re
356 2421 513 2483 communi
528 2421 669 2500 pluribus
683 2424 720 2481 ut
732 2420 877 2500 singulis,¹
889 2441 919 2481 v.
935 2441 965 2502 g.
983 2423 1093 2484 desem

162 2513 283 2576 hahent
294 2526 406 2593 agrum
421 2531 631 2590 ommonem,
645 2512 678 2573 in
693 2532 754 2593 quo
770 2531 884 2578 novem
898 2514 1009 2575 volunt
1022 2532 1094 2578 oon-

162 2608 292 2670 stituere
309 2607 492 2669 servitutem
511 2606 609 2682 Titio,
628 2605 769 2666 desimus
784 2604 936 2667 reclamet
960 2609 1091 2684 eontra,

163 2700 254 2782 eujus
264 2699 400 2762 eonditio
410 2703 519 2778 utpote
530 2698 735 2778 prohibentis,
749 2703 795 2761 est
809 2697 930 2779 potior:
946 2697 1012 2760 atsi
1026 2698 1091 2760 nul·

162 2795 229 2856 lum
256 2792 296 2854 sit
320 2792 538 2872 prsejudioium
561 2790 766 2871 prohibentis,
790 2810 852 2855 non
878 2795 1005 2855 curatur
1024 2791 1091 2872 ejus

163 2885 343 2965 prohibitio.
460 2929 462 2934 -

202 2982 253 3041 24·
274 2979 311 3039 Io
320 2981 395 3060 pori
406 2980 530 3055 delicto,
546 2980 593 3042 vel
605 2999 701 3054 causo,
712 2981 814 3060 potior
827 2993 869 3044 est
883 2980 1009 3042 corditio
1022 2999 1092 3060 pos-

162 3072 292 3136 sidentis.
309 3076 376 3136 Hoo
388 3076 435 3136 est
453 3073 589 3153 speoioie
605 3072 804 3152 privilegium
822 3071 1037 3153 possessionis.
1058 3075 1103 3156 1¹¹1

160 3167 277 3228 delicto
292 3171 304 3226 τ’
315 3167 414 3228 Titius
429 3166 516 3228 dedit
521 3165 622 3246 judioi
636 3166 812 3244 pecuniam,
829 3170 864 3228 ut
877 3184 934 3244 pro
950 3183 983 3225 se
998 3164 1093 3247 injus-

164 3264 228 3321 tsm
241 3260 428 3322 sententiam
442 3259 548 3336 ferret,
565 3259 615 3320 vel
634 3258 758 3336 virgini,
774 3262 810 3319 ut
832 3276 939 3320 seeum
958 3258 1093 3336 fornico-

164 3357 260 3430 retur,
278 3353 444 3431 pecuniam
459 3369 522 3411 non
536 3350 660 3430 repetit,
675 3349 750 3429 quis
762 3351 950 3430 possidentis
959 3355 1006 3414 est
1018 3372 1093 3416 oon-

164 3445 239 3506 ditio
250 3445 369 3506 melior.
387 3447 453 3506 Hoo
465 3443 497 3503 in
512 3445 579 3506 foro
595 3447 721 3505 externo
739 3464 745 3505 :
764 3448 796 3505 at
813 3445 846 3504 in
862 3445 929 3508 foro
947 3446 1089 3523 interno,

166 3536 188 3598 si
201 3537 292 3617 juxta
303 3538 438 3616 pretium
456 3535 527 3598 Titii
538 3555 596 3600 noo
608 3537 762 3600 sententia
776 3557 834 3618 pro
843 3538 895 3600 illo
907 3584 915 3615 ,
927 3556 985 3598 neo
997 3537 1090 3600 forni-

270 3657 332 3722 ross.
354 3660 372 3699 r.
715 3657 719 3662 ·
952 3644 984 3701 10
