2546 4016
342 285 451 334 socier
472 286 624 334 srucrans
638 285 727 350 sums
749 285 904 337 cauomcr.
1033 273 1091 336 les

152 429 300 492 videlicet
319 449 357 491 ex
382 450 421 491 ea
445 434 622 496 sumeretur
636 431 759 494 occasio
775 430 953 493 declinandi
978 449 997 491 a
1020 449 1091 492 con-

154 523 220 584 cilii
234 523 408 584 Tridentini
420 525 603 586 canonibus.
628 529 736 605 ltaque
763 525 873 586 unicus
894 524 993 586 codex
1011 523 1092 606 juris

156 617 318 678 novissimi
332 617 391 677 fuit
406 617 504 679 codex
518 619 730 680 Tridentinus.

197 711 235 771 ΙΙ.
259 713 325 771 Hoc
340 713 446 772 tamen
461 729 523 772 uon
538 712 698 790 prohibuit
717 711 882 791 quominus
903 711 1018 772 eruditi
1034 709 1093 771 viri

156 802 342 882 colligendis
377 804 589 866 monumentis
617 804 698 885 juris
731 803 932 866 ecclesiastici
964 823 1093 884 operam

157 897 281 957 darent.
305 897 371 957 lmo
394 897 454 958 hoc
474 898 687 976 praestiterunt
709 900 740 958 et
760 897 913 959 selectiori
934 897 1042 959 critica
1063 900 1095 958 et

157 988 341 1068 elegantiori
364 990 474 1050 ordine
501 1008 537 1051 ac
562 991 710 1052 methodo
734 1007 829 1070 quam
852 991 937 1069 quod
955 991 1096 1052 fecerant

155 1085 290 1143 veteres.
316 1081 348 1143 Si
373 1083 456 1142 enim
471 1083 635 1144 demamus
647 1083 773 1144 unicam
792 1083 1009 1144 collectionem
1025 1099 1094 1162 quae

158 1175 217 1236 sub
237 1174 364 1236 nomine
384 1175 515 1256 Septimi
529 1175 737 1250 Demarchum,
751 1176 841 1257 jussu
857 1176 934 1239 Sixti
950 1178 977 1239 V
992 1173 1095 1238 Ponti-

158 1267 236 1344 ficis,
254 1285 325 1348 quae
350 1268 492 1330 collectio
516 1267 664 1348 producit
684 1271 863 1332 Decrcteles
879 1271 1093 1331 Romanorum

158 1361 346 1422 Pontificum
361 1362 511 1442 usquead
523 1363 634 1424 SixtiV
645 1365 798 1441 tempora,
812 1363 961 1425 methodo
974 1364 1096 1424 retenta

160 1453 313 1515 consimili
325 1454 368 1514 illi
384 1473 453 1535 quae
466 1459 595 1534 recepta
604 1455 662 1516 fuit
671 1455 702 1515 in
718 1456 853 1536 antiquis
862 1454 1095 1517 collectionibus

159 1546 388 1622 Decretalium3
406 1548 432 1608 si
447 1549 611 1610 demamus
627 1549 709 1609 hauc
724 1549 850 1609 unicam
865 1548 1093 1622 collectionem,

160 1639 228 1700 aliae
240 1657 351 1701 omncs
365 1660 435 1721 quae
446 1642 536 1704 factae
544 1646 627 1718 sunt,
641 1660 704 1702 non
716 1641 849 1720 amplius
859 1641 965 1702 decisa
973 1641 1095 1702 tautum

159 1733 338 1812 fragmenta
358 1739 646 1811 monumentorum,
673 1733 728 1795 sed
752 1734 873 1812 integra
891 1735 1096 1795 monumenta

159 1826 276 1886 referre
301 1830 460 1890 curarunt.
485 1831 553 1889 Non
576 1828 710 1907 amplius
733 1827 876 1889 ordinem
895 1844 1013 1903 rerum,
1039 1825 1095 1886 scd

160 1918 306 1979 ordinem
321 1919 579 2001 chronologicum
604 1940 698 2001 quem
720 1921 905 1983 vetustiores
926 1937 1095 1999 usurpave-

160 2016 233 2072 rant
248 2010 442 2090 collectores,
458 2019 636 2076 restaurore
651 2034 713 2077 non
724 2013 955 2076 dubitaverunt.
966 2014 1095 2093 Talique

160 2103 304 2166 inst'tuta
324 2106 473 2168 methodo
498 2111 649 2169 curarunt
671 2106 761 2169 uobis
781 2108 922 2186 proferre
944 2105 1096 2187 quidquid

161 2201 439 2259 monumentorum
453 2201 735 2263 ecclesiasticorum
748 2200 885 2280 potuerit
893 2198 1034 2279 reperiri.

202 2291 299 2351 Porro
333 2289 513 2372 hujusmodi
534 2294 734 2356 collectiones
760 2293 960 2370 recentiores,
982 2293 1096 2355 intres

162 2381 278 2443 classes
287 2390 418 2462 possunt
424 2386 532 2465 dividi,
545 2406 602 2468 pro
616 2387 768 2449 varietate
780 2385 1097 2466 subjectorumeccle-

160 2474 297 2537 siasticae
323 2479 517 2541 auctoritatis
539 2498 673 2560 quorum
694 2478 811 2558 placita
822 2479 970 2558 colligere
993 2479 1097 2540 volne-

163 2571 247 2630 ruut.
268 2572 294 2629 N
297 2575 397 2643 aml⁰
412 2572 463 2632 alii
477 2573 680 2634 intenderunt
695 2570 877 2651 colligendis
890 2571 1098 2633 decretalibus

164 2660 350 2740 pontificiis,
383 2684 439 2725 scu
464 2664 630 2744 pontificiis
663 2664 936 2727 constitutionibus
969 2681 1098 2742 operam

165 2751 242 2812 dare
260 2773 267 2814 :
284 2754 358 2818 iude
373 2759 560 2837 prodierunt
581 2758 735 2832 Bullaria3
760 2762 794 2819 2⁰
820 2757 871 2818 alii
899 2757 1099 2819 intenderunt

166 2844 314 2925 colligere
334 2868 469 2912 canones
494 2855 525 2913 et
540 2855 628 2914 actus
650 2851 854 2914 conciliorum
871 2871 878 2913 ε
894 2851 966 2912 iude
981 2852 1100 2913 Collec-

166 2935 269 2998 tiones
284 2942 502 3018 conciliorum3
516 2947 549 3006 3⁰
565 2944 616 3004 alii
639 2945 842 3006 intenderunt
857 2945 1002 3024 colligere
1017 2943 1099 3004 deci·

129 3063 132 3067 -
166 3028 270 3091 sioues
300 3051 357 3095 seu
392 3036 597 3099 resolutiones
626 3039 852 3118 supremorum
884 3035 1099 3099 'tribunalium

168 3123 450 3190 ecclesiasticorum
461 3149 531 3209 quac
546 3131 719 3192 secundum
731 3130 783 3211 jus
798 3130 1016 3191 Tridentinum
1028 3129 1099 3192 latae

168 3223 255 3298 sunt;
274 3219 348 3282 inde
370 3223 575 3302 prodierunt:
599 3224 803 3285 Collectiones
818 3223 883 3284 sive
908 3221 1101 3285 decisionum

168 3334 265 3377 sacru
295 3318 382 3377 Rotae
411 3318 572 3393 Romanae,
599 3316 663 3377 sive
689 3316 973 3395 congregationum
999 3317 1102 3380 cardi-

168 3408 300 3471 nalium.
1089 3439 1091 3442 ·
