2512 4012
190 277 248 338 aet
420 286 647 336 rusrrronouns
667 285 750 332 runis
773 283 927 332 coroner.

189 435 303 514 polest,
319 431 394 496 sede
415 435 558 510 vacante,
576 449 646 512 quae
666 429 830 510 episeopus
844 429 876 492 ui
893 428 1131 510 jurisdictionis

190 526 337 590 sedisne
347 523 530 588 inhaerentis
541 528 677 604 poterat.

230 618 293 681 Sed
314 617 393 696 haeo,
409 617 483 680 lieet
497 616 657 685 ordinaria
674 619 706 678 at
723 635 799 679 vere
810 614 976 695 pastoralis
991 615 1132 693 capituli

186 711 457 793 jurisdictionem
467 715 680 788 vacante,nou
690 709 885 788 recipitillud
895 710 1025 788 plenum
1036 727 1131 770 exer-

190 806 299 868 eitium
314 805 399 885 quod
422 803 519 866 habet
541 805 617 866 dum
632 804 799 883 episeopus
811 803 888 864 vivit
911 806 943 864 et
954 803 1132 864 eeclesiam

190 917 281 960 anam
304 896 517 972 administrat;
540 896 598 958 aad
613 895 689 958 illud
701 899 825 960 tautum
845 895 930 975 quod
948 895 1133 975 interregni

191 993 331 1072 postulat
349 994 463 1058 natura
486 990 594 1054 :huno
609 990 693 1052 enim
711 993 827 1054 statum
849 989 987 1054 eeclesia
1004 991 1133 1068 aoapi-

190 1085 256 1146 tulo
271 1084 455 1163 gubernatae
471 1087 660 1162 comparant
669 1083 750 1145 seori
771 1101 909 1147 oenones
927 1082 1129 1163 interregno.

190 1178 262 1239 Jam
284 1194 359 1240 vero
383 1176 554 1256 interregni
570 1180 684 1241 natura
705 1181 767 1255 eat„
790 1180 825 1242 ut
839 1195 896 1256 par
912 1195 1000 1254 eum,
1025 1195 1131 1255 penes

192 1269 478 1350 quemreipuhlioae
491 1288 615 1333 summa
629 1274 688 1349 est,
702 1270 780 1334 nihil
793 1271 974 1348 moeretur,
983 1288 1045 1334 neo
1061 1271 1131 1332 ulla

191 1381 231 1424 ex
242 1366 333 1443 perte
345 1362 543 1427 modificatur
554 1367 655 1428 statua
664 1363 815 1446 subjectae
826 1363 995 1441 monetis,
1012 1365 1074 1426 sed
1090 1383 1130 1426 ea

191 1459 314 1520 tantum
333 1456 539 1536 expediantur
559 1457 687 1536 negotia
709 1475 780 1538 quae
802 1457 984 1522 ulteriorem
997 1475 1129 1520 moram

192 1567 256 1612 non
271 1548 391 1624 sinunt3
405 1549 449 1610 illi
462 1552 568 1611 autem
582 1554 696 1616 caetera
706 1553 905 1614 reserventur
916 1567 1013 1630 penes
1029 1569 1130 1630 quem

193 1643 326 1722 regendi
353 1642 536 1706 sociotatem
560 1642 754 1725 ordinarium
779 1642 836 1726 jua
859 1642 1009 1706 eomistit
1042 1645 1131 1716 Qua·
1236 1661 1237 1690 ³

192 1739 323 1814 propter
333 1735 486 1796 habemus
504 1735 629 1798 titulum
647 1737 679 1797 in
692 1736 763 1818 jure
777 1757 783 1800 :
797 1735 844 1799 Ne
856 1735 920 1803 sede
933 1744 1057 1804 recente
1071 1737 1131 1798 ali·

129 1885 131 1890 .
193 1827 268 1908 qnid
282 1828 446 1894 innovetur.

235 1923 408 2000 Propterea
429 1921 577 2000 oupituli,
598 1923 673 1984 sede
696 1927 849 2002 nauante5
870 1923 1049 2006 jurisdictio
1067 1925 1131 1988 hae

194 2017 319 2077 tenetur
330 2013 515 2077 limitatione
539 2035 547 2078 :
565 2019 599 2078 ut
616 2035 684 2080 rem
700 2035 782 2082 novo
807 2019 941 2082 antistiti
957 2025 1131 2084 conservet
1236 2003 1237 2040 ³

195 2123 232 2168 eo
247 2107 378 2185 proauiae
387 2106 420 2167 in
435 2109 517 2169 statu
531 2127 622 2188 quoa
636 2111 920 2194 denesaorarolieta
930 2116 986 2178 est.
1236 2159 1237 2190 2

234 2201 315 2264 xlv.
329 2198 1131 2286 Deaeurocapttulart-nemumnenegotiapturi-
1236 2235 1237 2296 p

194 2292 254 2354 bus
269 2309 421 2354 concessa
432 2293 568 2372 segnius,
586 2296 706 2359 tordius
722 2301 753 2360 et
765 2297 1129 2378 difficultiusexpedian-
1236 2303 1237 2368 l

195 2389 257 2463 tur,
272 2387 382 2450 statuit
400 2386 567 2449 oonoilium
580 2388 810 2470 Tridentium,
827 2411 906 2454 aeos.
922 2397 960 2454 24
972 2393 1011 2453 de
1026 2395 1130 2458 refor-

195 2480 351 2558 mationa,
383 2481 468 2566 qued
490 2481 662 2560 oapitnlum
683 2483 767 2546 intro
795 2502 853 2548 urn
879 2486 946 2548 dies
968 2505 987 2548 a
1013 2487 1130 2552 aetitia
1236 2487 1237 2544 l

196 2572 305 2634 habita
329 2574 501 2636 vacationis
529 2575 675 2638 eeoleaiae
699 2577 813 2643 debeat
838 2581 1007 2659 quamdam
1033 2600 1129 2646 onum
1236 2619 1237 2676 3

182 2665 335 2754 deligere
348 2665 500 2728 nioarium
513 2685 570 2746 per
579 2687 674 2748 quem
689 2669 771 2732 liano
780 2671 973 2736 ordinariam
980 2674 1128 2755 jurisdio-
1236 2679 1237 2684 ’

195 2758 313 2818 tionem
323 2757 365 2821 ad
379 2777 412 2818 se
425 2759 604 2821 devolutam
617 2767 771 2826 exeroeat.
787 2766 884 2828 Porro
896 2785 993 2846 quum
1003 2768 1129 2846 eapitu-

195 2848 262 2910 lum
275 2847 391 2912 haheat
399 2850 651 2930 jurisdictionem
664 2874 760 2935 quam
771 2859 920 2920 transfert
935 2861 967 2923 in
982 2861 1128 2924 atomum

196 2941 398 3022 capitolium,
416 2945 557 3024 seqnitur
574 2945 658 3009 huno
677 2950 829 3012 vinarium
849 2953 1026 3032 comparari
1041 2955 1127 3016 vioa-

196 3035 244 3095 rin
257 3036 398 3114 generali
409 3037 484 3102 sede
494 3037 597 3116 plena.
616 3043 832 3121 Repraesentat
850 3049 982 3127 uterque
997 3047 1127 3108 ordina-

195 3127 276 3188 riam
286 3127 435 3209 ·epiaoopi
445 3129 696 3212 juriediotionem
711 3136 743 3197 in
755 3138 935 3200 universam
950 3140 1122 3204 dioecesim.

195 3223 383 3284 Haeetamen
394 3225 495 3286 notari
503 3230 634 3304 possunt
642 3231 793 3309 tanquam
802 3233 969 3312 precipuae
977 3233 1127 3294 differen-

195 3313 1122 3405 limintergradumvicariisgeneralisetvioariicapitularis:

235 3405 342 3486 Prima
363 3412 515 3490 estquod
538 3413 714 3494 episcopua,
736 3436 858 3480 summo
875 3418 948 3499 jure
968 3419 1121 3500 inspecto,

195 3503 299 3586 potest
319 3501 472 3564 vicarium
494 3505 676 3588 generalem
699 3508 759 3574 sint
778 3529 950 3578 assumere
973 3513 1025 3577 rel
1046 3531 1121 3597 nen,
