2514 4014
367 262 477 310 merca
499 264 652 310 saucians
672 263 755 311 suuis
777 263 932 310 cenorum.
1079 253 1114 314 ill

171 407 379 470 notissimam
393 407 480 468 illam
494 408 591 488 ipsius
602 408 684 488 juris
706 407 903 486 divisionem,
914 408 1030 484 veteru,
1050 409 1120 472 uoci

173 504 208 562 et
221 501 386 562 novosimt

215 594 327 654 Prima
355 593 461 673 itaque
494 594 711 672 complectitur
745 593 944 656 collectiones
978 613 1049 674 quae
1072 595 1113 658 ab

172 686 323 746 EcclesIa
331 685 837 767 conditaadsaeculumusquellll,
847 687 973 767 quando
982 687 1113 750 celebris

172 777 230 838 ille
258 778 425 840 Gratianus
447 797 538 840 suum
551 779 730 858 compilavit
753 780 915 842 decretum
931 799 987 842 seu
999 799 1113 842 concor·

172 869 314 930 dantium
335 869 563 931 discordantium
590 891 741 933 eumcum.
753 905 793 917 -
806 871 952 933 Secunda
972 872 1080 952 incipit
1094 891 1114 934 o

173 963 265 1024 dicto
278 963 426 1025 Gratiano
437 967 468 1025 et
480 962 593 1026 desinit
604 964 645 1024 ad
658 963 825 1026 concilium
839 963 1065 1026 Tridentinum.
1073 998 1113 1012 -

175 1055 290 1116 Tertia
314 1055 418 1136 pergit
443 1074 462 1116 a
483 1057 592 1118 concil.
615 1056 797 1118 Tridentino
817 1055 858 1116 ad
884 1059 992 1118 nostra
1012 1075 1112 1137 usque

176 1150 338 1227 tempora.

218 1243 362 1320 Agemus
383 1259 458 1320 ergo
482 1241 633 1304 distinctis
658 1241 812 1322 capitibus
841 1242 881 1304 de
901 1241 1001 1304 trihus
1026 1241 1112 1304 hisce

177 1332 403 1395 collectionum
440 1334 661 1399 canonicarum
694 1334 859 1412 classibus,
901 1333 1010 1396 ordine
1049 1352 1111 1416 quo

176 1441 288 1506 supra.

492 1559 621 1622 CAPUT
642 1557 809 1621 PRIMUM.

355 1721 394 1764 ou
416 1719 664 1766 cocmcmourncs
677 1719 767 1766 rums
789 1715 929 1764 verulus.

219 1849 401 1910 Notandum
428 1853 475 1910 est
501 1851 586 1930 quod
605 1869 662 1928 pro
687 1850 746 1911 hac
766 1847 869 1929 prima
888 1847 1026 1928 epocha,
1050 1849 1110 1911 dil·

176 1942 354 2003 ficillimum
386 1943 426 2003 sit
456 1943 643 2004 uniformem
678 1946 710 2004 et
741 1941 921 2022 generalem
948 1959 1110 2004 sacrorum

177 2052 337 2096 canonum
352 2035 492 2095 codicem
508 2033 667 2114 reperire3
685 2034 842 2096 difficilius
868 2051 942 2095 vero
967 2035 1062 2112 hunc,
1083 2033 1108 2094 si

177 2127 249 2206 quis
275 2126 371 2186 etiam
391 2127 470 2189 forte
484 2127 595 2204 fuerit,
612 2147 651 2188 cx
674 2126 837 2188 vetustatis
864 2126 994 2188 latebris
1017 2145 1109 2206 posse

177 2219 347 2280 deducere.
365 2220 455 2281 Unde
475 2221 511 2281 lit
527 2220 612 2299 quod
625 2219 855 2282 institutionum
870 2218 951 2299 juris
966 2219 1108 2280 canonici
1128 2223 1134 2237 “

177 2315 334 2389 auctores,
343 2312 436 2392 hujus
451 2313 551 2374 aetatis
564 2311 762 2375 collectiones
771 2311 804 2372 in
819 2311 897 2372 duas
905 2312 1019 2373 classes
1032 2311 1108 2372 divi·

177 2403 267 2480 dunt,
276 2405 309 2464 in
323 2405 520 2466 collectiones
535 2408 715 2466 Graecorum
726 2409 757 2466 et
772 2403 965 2466 Latinorum.

218 2499 308 2557 Hunc
318 2501 484 2577 sequentes
495 2497 647 2575 ordinem,
658 2497 690 2558 iu
703 2496 891 2575 prooemium
901 2500 1016 2558 nostrae
1028 2499 1107 2558 trac-

177 2589 314 2666 tationis
331 2609 460 2668 agemus
474 2591 512 2651 dc
534 2590 720 2654 auctoritate
736 2589 818 2650 illius
831 2587 1021 2650 collectionis
1036 2607 1106 2668 quae

178 2681 236 2741 suh
251 2683 464 2760 apostolorum
478 2681 604 2762 nomine
620 2681 776 2758 usuvenit,
798 2680 837 2741 da
853 2679 1104 2742 constitutionibus

178 2791 290 2852 nempe
306 2778 337 2838 et
348 2774 502 2836 canonibus
518 2775 723 2854 apostotorum.
954 2767 956 2774 ’

479 2929 656 2985 ARTIGULUS
671 2927 798 2983 PRIMUS.

379 3073 414 3112 DE
431 3071 694 3112 GONS'I'I'IU'I'IONIBUS
717 3069 902 3111 Arosromms,

217 3191 240 3250 l.
270 3192 355 3252 Inter
394 3193 501 3252 vetera
529 3188 608 3269 J'uris
643 3185 844 3249 ecclesiastici
879 3187 1102 3263 monumenta,

178 3299 274 3385 unum
287 3285 408 3362 prostat
422 3281 669 3357 celeberrimum,
686 3279 838 3359 hocopus
853 3277 921 3342 VIII
940 3278 1030 3342 libris
1045 3279 1106 3341 dis·

177 3376 319 3526 unffi.
334 3485 389 3527 sex
412 3466 482 3529 libri
508 3466 668 3527 continent
690 3465 819 3526 brevem
844 3463 1005 3542 synopsim
1026 3460 1099 3524 ritae

966 3566 994 3619 5*
