2512 4012
375 277 415 323 no
435 275 564 326 cursuro
584 276 667 322 runis
692 275 848 325 cruorum.
1020 264 1077 325 247

137 419 249 486 divino
265 420 307 480 sit
320 422 356 482 ut
373 419 478 480 clerici
498 419 563 480 sint
586 419 803 496 episcoporum
828 416 1024 498 coadjutores
1047 419 1079 484 iu

137 513 291 576 Ecclesiae
310 511 475 591 regimine,
493 517 524 572 et
538 510 746 572 mansuetudo
764 511 957 576 auctoritatis
980 512 1079 574 eccle-

138 607 288 682 siasticae,
303 623 368 665 non
385 608 513 683 spernat
526 604 709 666 inferiorum
725 605 872 678 consilia3
898 605 953 668 sed
975 605 1079 667 deter-

137 697 295 762 minatam
310 698 428 759 habent
445 715 463 758 a
480 697 552 777 jure
568 697 778 760 ecclesiastico
801 697 886 777 quod
907 697 996 766 aedes
1015 699 1079 760 dis-

138 793 253 856 tribuit
263 789 579 872 jurisdictionemque
594 791 741 869 assignat.

357 935 371 992 ᾗ
387 940 414 980 11,
437 947 468 979 ns
482 945 604 984 mitione
616 945 715 978 onorius
728 945 864 978 scurronu.

181 1061 234 1122 IX.
260 1058 343 1122 Satis
356 1057 491 1118 diximus
506 1057 545 1118 de
568 1055 705 1136 collegiis
723 1056 839 1118 ordinis
858 1057 1023 1139 pastoralis
1046 1058 1078 1120 in

141 1151 295 1215 Ecclesia,
312 1155 402 1214 Nunc
418 1151 456 1212 de
471 1150 610 1232 collegiis
628 1149 844 1216 ecclesiasticis
858 1151 976 1214 ordinis
989 1171 1077 1218 sena·

141 1246 215 1310 torii
225 1244 278 1306 vel
294 1243 469 1306 consultiui.

182 1337 324 1402 Christus
335 1337 485 1398 Dominus
494 1334 710 1398 ecclesiasticae
719 1336 944 1416 jurisdictionis
955 1343 1074 1418 auctor,

141 1450 213 1494 eam
225 1450 291 1491 non
304 1430 387 1493 fastu
408 1429 581 1508 majestatis
596 1429 814 1508 exercendam,
836 1431 891 1491 sed
909 1431 1077 1494 christiana

140 1521 755 1602 bumilitatetemperandamessevoluit.
766 1524 962 1604 Quapropter
972 1524 1078 1588 admo·

141 1617 238 1678 nebat
250 1615 419 1693 discipulos
435 1633 518 1691 suos,
531 1633 570 1674 ne
586 1615 619 1678 in
635 1614 702 1694 eJ'us
719 1616 877 1692 exercitio,
900 1616 1078 1696 principum

141 1703 343 1770 imitarentur
366 1707 586 1788 majestatem,
620 1707 675 1768 sed
704 1708 889 1770 charitatem
913 1711 1075 1788 pastoris:

80 1879 81 1882 Ἴ
141 1801 299 1882 Principes
310 1801 441 1880 gentium
452 1799 642 1860 dominantur
654 1819 773 1878 eorum
784 1819 832 1862 uos
844 1809 941 1862 autem
950 1821 1008 1864 ooo
1021 1803 1079 1879 sr'c‚·

140 1895 191 1967 sed
216 1893 272 1976 qui
297 1893 394 1973 major
420 1900 461 1954 cst
485 1893 516 1952 io
540 1893 629 1970 uobis,
651 1892 708 1974 fiat
729 1892 804 1954 sieut
826 1894 932 1974 rnioor,
957 1901 1015 1957 eto.
1040 1899 1079 1958 Et

141 1991 253 2051 Petrus
274 1985 464 2048 admonebat
478 1985 625 2046 Ecclesiae
648 1989 789 2064 pastores
810 1991 845 2053 ut
868 2007 999 2070 gregem
1021 1989 1076 2054 Dei

141 2083 318 2160 pascerent,
346 2078 627 2160 providerentque,
647 2097 709 2139 non
729 2086 854 2158 coacte,
875 2081 932 2146 sed
950 2086 1077 2166 sponta—
1116 2126 1118 2130 -

141 2193 210 2251 nee,
224 2191 328 2252 neque
343 2173 424 2233 sicut
436 2172 632 2244 dominantes
644 2171 827 2254 incleris.'(1
841 2175 873 2238 S.
888 2177 976 2252 Pur„
988 2179 1019 2254 5,
1031 2175 1075 2255 2.)
1138 2237 1140 2242 ,

180 2267 235 2328 His
256 2265 520 2326 admonitionibus
543 2265 656 2344 edocti,
677 2266 815 2344 episcopi
841 2267 918 2328 nihil
935 2269 1075 2334 habuere

142 2359 300 2440 antiquius
315 2377 411 2439 quam
423 2361 458 2418 ut
469 2358 700 2438 presbyterium
720 2377 822 2435 suum,
843 2379 899 2420 scu
918 2361 1075 2444 majorum

142 2451 287 2514 dioecesis
309 2452 495 2518 clericorum
516 2451 683 2530 collegium
707 2451 922 2528 consulerent,
950 2455 1074 2538 quando

143 2546 181 2606 de
209 2564 245 2610 re
273 2544 413 2606 ecclesiae
439 2544 499 2606 sibi
519 2545 693 2610 commissae
716 2548 819 2606 essent
846 2545 1073 2626 deliberaturi,

143 2643 176 2700 ut
199 2657 312 2718 nempe
334 2636 416 2699 illius
440 2637 564 2716 collegii
587 2641 695 2699 votum
722 2641 913 2721 expeterent.
932 2640 997 2711 Ono
1012 2641 1074 2701 fac-

142 2736 209 2792 tum
222 2735 270 2792 est
284 2734 318 2792 ut
330 2730 561 2808 presbyterium
570 2729 644 2810 jure
663 2730 826 2811 cujusdam
848 2735 974 2796 senatus
993 2733 1074 2798 ordi-

144 2824 223 2882 narii
247 2821 449 2901 adquisierit,
481 2821 569 2900 cujus
602 2823 738 2884 consiliis
770 2825 938 2904 episcopus
970 2827 1086 2907 quoad-

142 2918 273 2992 uiveret,
291 2915 457 2976 ecclesiam
469 2915 527 2975 sibi
542 2916 741 2978 commissam
755 2919 955 3002 gubernaret,
973 2937 1073 2998 eoque

143 3012 267 3073 mortuo
280 3008 420 3070 vacantis
438 3007 576 3068 ecclesiae
591 3009 733 3087 regimen
747 3015 894 3089 sumeret,
911 3030 1073 3092 quousque

143 3121 243 3164 novos
255 3120 320 3162 non
335 3101 577 3163 constitueretur
591 3102 740 3180 pontifex.
783 3155 784 3158 ,

183 3195 245 3258 Sed
258 3194 326 3256 baec
335 3193 409 3274 juro
419 3195 585 3271 senatoria,
595 3213 664 3275 quae
677 3195 751 3255 olim
761 3197 885 3259 fuerant
895 3199 1073 3264 communia

142 3288 288 3348 uniuerso
300 3288 383 3348 clero
395 3286 572 3349 dioecesano
583 3287 692 3367 (quum
704 3307 816 3366 nempe
830 3308 893 3350 una
902 3289 933 3351 in
944 3291 1073 3371 singulis
1153 3353 1156 3360 Α

143 3380 331 3444 dioecesibus
346 3383 413 3446 erat
427 3379 569 3456 eeclesia,
586 3399 698 3458 nempe
714 3381 912 3462 cathedralis,
933 3385 982 3449 cui
1004 3371 1072 3453 uni-

143 3493 251 3541 versus
266 3474 370 3541 clerus
380 3471 438 3541 sub
453 3472 599 3558 episcopo
616 3476 683 3547 erut
696 3473 850 3559 addictus)
862 3481 1072 3560 ÷÷poatqusrn
