2484 4016
177 322 237 390 uo
301 362 304 368 ·
386 329 614 382 rrsrrrorrours
635 329 717 382 roais
739 330 894 383 sonorior.

178 501 271 560 sexus
282 480 450 562 aliquando
463 479 495 542 in
504 477 696 542 monasteria
705 478 845 542 virorum
855 480 1108 560 admitterentur,

178 574 435 656 velreligiosisde
446 573 542 653 septis
553 573 733 634 monasterii
744 573 913 654 aliquando
922 573 1057 652 exirent,
1068 575 1111 638 sio

179 670 317 734 nonfuit
336 667 576 745 omnitempore
595 665 737 727 absolute
759 665 962 728 interdictum
986 667 1113 729 feminis
1218 667 1219 688 ¹

179 761 376 844 regularibus
396 759 562 840 quominus
576 758 627 819 vel
641 757 720 820 alias
731 758 864 820 feminas
878 759 910 821 in
919 758 1112 822 monasterio

179 855 304 937 ingredi
317 853 467 928 fenerent,
480 851 531 912 vol
544 852 621 930 ipse
632 854 761 930 possent
774 870 792 913 e
806 853 998 916 monasterio
1015 852 1110 915 exire.

221 949 285 1016 sed
298 947 357 1012 sub
371 947 467 1008 tinem
479 944 584 1008 saeeuli
596 945 677 1020 Xlll,
697 961 795 1024 quum
811 945 843 1006 in
860 945 1016 1026 majoram
1030 946 1113 1026 rigo·
1220 981 1221 1016 r

180 1061 249 1108 rem
261 1039 413 1121 pergebat
425 1037 578 1118 regularis
592 1035 766 1116 disoiplina,
788 1039 1009 1101 constitutione
1020 1039 1113 1102 Boni-

180 1134 252 1200 raen
267 1123 618 1210 illuminatorque,
632 1129 664 1190 a
677 1131 741 1208 vr,
754 1131 896 1196 osona
909 1132 1113 1195 neruorum
1221 1103 1222 1146 ³

181 1233 229 1294 est
240 1245 279 1290 ne
291 1221 665 1288 ouilibetinmonasteriis
674 1223 980 1288 feminarumlineret
992 1225 1112 1305 ingres·
1222 1279 1223 1300 ἶ

182 1341 246 1400 sus,
262 1338 302 1384 ue
311 1317 439 1382 cuilibet
447 1315 628 1379 monasterii
640 1319 763 1395 pateret
775 1335 929 1396 egressus,
945 1317 1004 1380 nisi
1016 1317 1113 1383 ratio-
1222 1317 1223 1328 ’

60 1400 65 1409 “
181 1412 277 1480 nobili
290 1411 331 1475 de
346 1425 479 1471 causas
501 1405 640 1488 legitimo
659 1410 819 1488 superiore
833 1410 1018 1490 approbata.
1037 1410 1112 1474 Inde
1223 1460 1224 1482 2

182 1506 248 1572 vita
258 1501 422 1584 regularis,
434 1501 550 1562 insexu
559 1500 694 1564 femineo
707 1502 915 1580 considerata,
934 1503 1113 1568 absolutam

183 1598 360 1664 clausuram
369 1593 565 1671 assumtum,
575 1611 644 1673 quae
655 1612 762 1656 severe
775 1596 930 1658 eustodita
939 1598 986 1657 ast
998 1613 1113 1677 quous·
1224 1653 1225 1656 ,

182 1689 358 1772 quenlique
377 1687 457 1750 aetio
468 1687 539 1750 vitae
556 1687 709 1766 regularis
721 1690 934 1754 nonaooessit.

223 1783 286 1846 Sed
294 1783 519 1863 prosequentes
532 1779 630 1844 vitam
644 1779 778 1844 activam
789 1782 915 1844 ordines
929 1782 1115 1848 monialium
1225 1816 1226 1840 2

183 1875 300 1957 egressi
320 1880 408 1951 sunt,
428 1877 461 1934 et
477 1873 550 1934 inde
564 1872 677 1954 eliquae
695 1873 942 1953 dispensationes
955 1892 1115 1942 concessae

181 1970 318 2037 fueruat.
336 1968 399 2046 sio,
419 1985 447 2028 a.
470 1985 516 2047 g„
532 1966 650 2028 habent
667 1967 819 2033 Ursulinae
835 1968 1070 2034 conservatoria
1083 1969 1115 2032 in
1226 1996 1227 2000 ¹

185 2062 298 2143 quibus
312 2061 483 2124 admittunt
503 2059 660 2122 seculares
673 2059 812 2139 puellas;
827 2061 872 2124 sio
890 2065 922 2124 et
943 2062 1018 2124 iiliae
1035 2063 1117 2126 oeri-

185 2154 258 2220 taus
275 2173 294 2218 a
309 2155 341 2216 S.
362 2151 525 2216 Vincentio
543 2170 562 2212 a
578 2152 674 2218 Paulo
688 2151 847 2232 institute,
866 2155 1011 2217 omnihus
1031 2159 1116 2219 exto·

186 2246 319 2308 rioribus
339 2245 411 2308 vitae
426 2244 535 2308 active
556 2243 703 2323 operibus
724 2245 857 2310 addiotae
869 2247 1037 2328 habentur,
1054 2252 1112 2312 eto.
