2514 4014
314 289 421 336 marcu
443 290 594 337 crucians
615 293 697 338 sunus
719 291 873 338 clucmcu.
1018 282 1053 342 'll

124 447 202 490 num
216 429 282 490 sive
306 431 493 492 canonicum
517 432 654 512 agnovit,
681 433 736 494 scd
761 432 847 494 vario
872 433 966 494 modo
987 433 1058 514 :jus

124 522 212 582 enim·
224 522 315 582 civile
327 543 494 584 romanum
508 543 579 585 cum
596 526 749 588 directum
764 529 845 588 esset
864 527 904 586 ad
917 527 1058 606 regimen

125 615 286 676 societatis
300 634 454 695 paganae,
479 636 548 695 quae
568 636 630 678 non
654 637 691 679 cx
704 618 863 696 principiis
882 619 1009 699 justitia
1028 623 1059 681 et

127 707 301 768 honestatis
316 709 500 788 regebatur,
524 709 579 770 scd
602 711 694 771 unico
717 710 858 772 utilitatis
878 713 1059 790 temporalis

126 800 294 879 principio,
307 801 370 880 joa,
385 802 525 880 inquam,
543 821 710 865 romanum
724 807 845 864 tantam
855 805 976 866 censuit
991 823 1059 866 esse

127 893 262 971 poenalis
278 893 446 956 sanctionis
461 895 677 956 necessitatem
691 900 726 957 ut
735 896 760 956 si
776 914 870 974 poena
879 897 1060 976 temporalis

127 985 189 1064 legi
200 1003 265 1046 ncn
276 986 518 1065 essetapposita,
528 1007 589 1066 qna
599 989 764 1051 violatores
773 993 1003 1066 coercerentur,
1011 990 1061 1050 lex

128 1078 248 1138 inutilis
269 1082 301 1138 ct
322 1079 467 1152 inefficax
490 1081 647 1156 evaderet.
673 1081 753 1153 Ouid
770 1081 854 1142 enim
872 1082 1063 1160 profuissent

128 1172 217 1250 leges
233 1189 369 1250 quarum
387 1171 531 1234 custodia
545 1173 653 1243 relicta
672 1177 754 1235 esset
768 1174 964 1236 conscientiae
982 1175 1062 1234 indi-

129 1263 311 1340 viduorum,
333 1264 386 1325 ubi
411 1266 545 1344 populus
567 1266 652 1326 nulla
666 1267 734 1345 lege
754 1266 860 1327 divina
879 1267 1059 1343 instructuS,

101 1393 103 1396 -
128 1356 180 1416 vix
191 1355 384 1434 opinabatur
393 1357 529 1418 animam
550 1359 688 1436 corporis
708 1377 776 1420 esse
789 1360 1009 1438 superstitem?

168 1450 233 1510 Sed
245 1449 396 1526 Ecclesia,
415 1467 484 1528 quae
504 1450 591 1512 novit
603 1469 657 1512 ecs
676 1451 727 1530 qui
742 1449 889 1512 resistant
903 1452 1060 1530 potestati,

129 1542 184 1602 Dei
198 1541 388 1604 ordinationi
404 1542 560 1620 resistcre,
586 1565 601 1600 a
613 1561 675 1606 non
692 1543 740 1605 est
754 1543 988 1622 enimpotestas
1004 1543 1061 1602 nisi

129 1654 149 1694 a
163 1635 255 1695 Deo1
278 1655 308 1710 u,
329 1637 478 1695 aeternam
493 1640 598 1696 autam
621 1637 766 1696 omnibus
783 1654 911 1696 manere
928 1635 1063 1696 sanctio-

129 1745 213 1803 nem,
225 1729 394 1804 postquam
408 1727 624 1804 repraesentari
640 1727 824 1788 debebimus
839 1729 911 1788 autc
926 1726 1063 1787 tribunal

120 1818 256 1896 Christi,
282 1822 318 1879 ut
330 1821 386 1880 fiat
407 1817 575 1898 unicuique
595 1821 768 1881 secundum
789 1838 887 1898 opera
901 1818 989 1900 ejus,
1005 1821 1063 1880 Ec-

131 1911 245 1988 clesia,
274 1910 426 1990 inquam,
453 1910 500 1972 his
519 1912 640 1973 imbuta
660 1913 831 1992 principiis,
849 1913 967 1973 nullam
985 1910 1063 1974 vidit

131 2003 349 2064 necessitatem
367 2003 547 2082 temporalis
562 2005 730 2066 sanctionis
748 2009 783 2066 ut
796 2005 847 2064 lex
865 2023 957 2066 suum
973 2005 1062 2066 ellec-

131 2100 198 2156 tum
206 2095 478 2174 consequiposset.
488 2097 647 2160 Namlicet
655 2097 818 2176 temporali
828 2097 1059 2170 destitueretur,

131 2188 251 2250 aeterna
262 2188 422 2267 gaudebat
435 2189 608 2252 sanctione.
902 2207 905 2210 “

169 2283 207 2342 ll.
233 2283 350 2343 Verum
375 2299 448 2342 oum
471 2301 533 2343 non
557 2300 665 2344 omnes
689 2281 842 2363 gehennae
864 2285 965 2344 metus
987 2281 1062 2344 satis

130 2376 286 2450 coerceat,
303 2377 338 2434 ut
354 2374 455 2452 poenis
467 2375 703 2454 temporalibus
721 2379 854 2437 aeternas
874 2394 984 2453 poenas
1002 2375 1061 2435 illis

130 2469 360 2546 praemonstret,
376 2485 491 2546 cosque
511 2468 607 2530 abeis
628 2470 765 2545 avertat,
780 2467 851 2530 idco
873 2469 904 2528 ct
923 2466 1062 2528 Ecclesia

131 2555 357 2639 temporalibus
370 2559 470 2637 poenis
483 2579 540 2622 usa
553 2563 609 2623 est.

157 2656 227 2714 -Hae
244 2671 319 2713 vcro
342 2651 475 2731 duplicis
494 2655 618 2734 generis
632 2657 726 2716 sunt:
743 2653 811 2716 aliae
831 2671 900 2734 quae
915 2652 975 2714 dici
990 2670 1063 2733 pos-

132 2750 203 2810 sunt
212 2745 375 2826 corporales
384 2763 398 2822 ,·
414 2746 481 2808 aliae
492 2766 567 2809 vero
582 2765 651 2828 quae
661 2747 829 2827 spirituales
839 2750 930 2810 sunt:

172 2839 345 2920 Corporales
369 2839 446 2900 nihil
470 2840 554 2900 aliud
578 2844 650 2902 sunt
678 2839 735 2900 nisi
760 2840 910 2901 damnum
930 2858 1060 2919 corpere

132 2933 283 3012 passionis
295 2933 346 2994 uel
358 2931 539 3011 privationis
554 2935 681 3010 propter
696 2935 846 2994 damnum
866 2932 997 2994 actionis
1011 2931 1061 2992 vel

134 3026 306 3088 omissionis
323 3025 454 3086 illatum.
479 3025 553 3086 'lale
568 3043 666 3104 genus
681 3044 848 3103 poenarum
861 3029 892 3086 et
902 3024 954 3105 jus
971 3023 1060 3085 civile

134 3118 242 3191 babet3
259 3117 390 3196 proinde
403 3118 542 3178 Ecclesia
551 3118 587 3178 iis
603 3135 666 3180 non
681 3118 777 3179 utitur
787 3122 939 3197 tanquam
949 3116 1060 3179 mediis

133 3209 190 3271 sibi
202 3211 337 3290 propriis
348 3213 379 3271 ct
389 3209 609 3290 singularibus,
622 3211 677 3270 sed
690 3214 840 3290 tanquam
856 3209 967 3272 mediis
978 3228 1060 3274 com-

134 3303 289 3381 munibus,
313 3302 473 3364 indirectis
495 3306 527 3364 et
544 3303 747 3364 secundariis.
777 3303 878 3364 Habet
899 3303 982 3364 enim
1008 3305 1063 3368 illa
1087 3365 1090 3376 ,

165 3521 171 3552 ¹
189 3519 261 3570 llcm.
274 3531 322 3586 ru,
339 3521 362 3570 l.
