2512 4012
162 233 222 296 tio
375 245 604 294 rnsrrrurronus
625 245 707 290 rmus
730 242 883 289 ornemur.

162 391 420 456 Mediolanenses,
438 389 616 470 Aliquando
626 389 721 450 etiam
732 387 819 448 missi
832 391 904 450 sunt
915 391 950 450 ut
966 392 1102 451 nonnul-

161 487 208 548 lus
223 488 369 563 regerent
382 483 529 545 ecclesias
546 483 604 543 suh
614 481 740 543 nomine
750 480 939 542 vicariorum
952 483 1103 561 apostoli-

164 596 282 641 corum.
309 579 356 638 lta
384 579 489 656 plnres
519 574 770 654 multiplicesque
800 592 837 634 ac
871 574 1104 637 diversissimas

163 671 251 732 novit
264 670 394 732 historia
413 671 470 730 has
482 668 668 748 legationes.
687 667 749 728 Sed
763 666 943 746 hujusmodi
957 672 1105 730 extraor-

164 763 294 826 dinariae
320 763 539 842 deputationes
569 780 606 822 oo
637 762 704 839 ipso
730 760 814 839 qnod
843 761 1103 846 extraordinariae

164 860 246 933 sunt,
259 856 436 918 exorbitant
446 856 544 934 ajuro
557 853 731 927 communi;
744 871 807 914 non
819 856 892 914 sunt
906 855 1104 933 regulae‚sed

165 948 375 1028 exceptiones,
389 951 565 1029 llapropter
574 966 638 1008 non
652 949 784 1026 possunt
794 945 868 1026 jura
888 946 998 1007 talium
1011 949 1105 1027 lega·

164 1047 268 1104 torum
283 1043 323 1103 ed
345 1047 431 1103 certa
445 1040 585 1103 revocari
615 1039 780 1119 principia,
794 1057 866 1099 cnm
887 1039 941 1100 illa
960 1041 1104 1119 pendent

164 1135 290 1197 omnino
302 1153 340 1194 ex
349 1134 499 1212 singulari
511 1134 661 1196 mandato
673 1151 734 1211 quo
748 1133 842 1194 fuerit
850 1132 920 1210 ipsa
930 1133 1103 1195 constituta

162 1227 289 1307 legatio.
321 1229 518 1304 Quapropter
552 1227 628 1288 satis
656 1226 777 1286 sithoc
804 1225 955 1287 adnotare
982 1227 1103 1304 prinoi-

163 1320 249 1399 pium
262 1334 268 1381 :
281 1321 416 1379 Tantum
432 1322 563 1397 possunt
574 1322 727 1400 quantum
742 1318 859 1378 habent
881 1318 912 1376 in
925 1318 1097 1381 mandatis

164 1416 230 1485 Quo
253 1411 365 1490 posito,
391 1412 431 1472 ad
451 1412 626 1473 ordinaries
656 1411 829 1490 legationes
849 1411 943 1472 liceat
963 1411 1102 1490 gradum

164 1506 281 1567 facere.
475 1521 485 1530 ·

205 1599 313 1660 XVlll.
333 1601 364 1658 2⁰
382 1596 538 1658 Ordinorit
551 1597 643 1676 lopati
654 1598 686 1657 in
700 1596 777 1656 duas
792 1595 911 1674 species
931 1595 1104 1658 subdistin-

165 1694 291 1770 guntur.
308 1689 368 1751 Alii
389 1691 534 1752 dicuntur
554 1691 634 1766 coti,
653 1689 704 1750 alii
725 1707 782 1767 per
795 1688 1022 1768 oppositionem
1036 1689 1101 1750 dici

166 1786 295 1861 possunt
308 1781 386 1861 sorti
397 1783 446 1843 vel
461 1783 553 1845 missi.

206 1875 310 1952 Origo,
327 1874 555 1935 vicissitudines
577 1879 608 1936 et
621 1873 686 1936 fata
700 1874 812 1934 horum
834 1874 1009 1953 legatorum
1028 1874 1100 1936 haec

166 1970 261 2028 sunt:
283 1970 513 2027 consueverunt
536 1968 667 2027 Romani
690 1966 856 2027 Pontifices
875 1967 1099 2030 nonnullarum

165 2059 330 2119 illustrium
352 2062 382 2120 et
407 2058 587 2119 dissitarum
606 2060 783 2120 dioeceseon
803 2058 965 2138 episcopos
988 2059 1099 2120 ricerii

166 2151 327 2230 apostolici
339 2169 468 2212 munere
484 2152 601 2212 donare
618 2155 653 2212 ut
666 2151 858 2230 pontificiam
879 2150 1100 2213 auctoritatem

165 2244 197 2303 in
219 2242 366 2304 finitimos
389 2248 650 2322 repraesentarent
665 2245 837 2323 episcopos.
853 2245 1097 2322 Talesfuernnt,

165 2355 195 2396 v.
222 2353 267 2414 g.‚
288 2334 452 2413 episcopus
468 2336 754 2398 Thessalonicensis
773 2337 805 2397 in
829 2337 971 2416 Illyrico,
989 2337 1101 2398 Arela-

78 2507 80 2510 .
165 2427 261 2489 tensis
274 2431 304 2488 ct
319 2429 480 2489 Remensis
494 2429 526 2490 in
542 2429 658 2506 Galliis,
677 2433 708 2491 et
722 2430 765 2491 ita
779 2449 885 2509 porro.

204 2522 222 2582 J
225 2539 276 2581 am
290 2538 364 2580 vero
380 2539 478 2599 quum
497 2522 546 2582 hae
561 2522 743 2602 legationes
768 2523 799 2582 hi
814 2523 983 2585 vicariatus
997 2524 1048 2603 qui
1066 2525 1099 2584 in

164 2613 323 2693 primitive
337 2633 394 2674 sua
411 2614 531 2693 origine
543 2615 669 2676 fuerunt
686 2616 945 2694 extraordinaria,
971 2635 1099 2695 semper

164 2707 197 2766 in
210 2707 351 2766 favorem
376 2706 593 2785 episcoporum
609 2709 792 2768 earumdem
806 2709 929 2769 sedium
949 2709 1095 2788 repetita,

164 2815 228 2858 non
244 2797 284 2856 ad
306 2801 429 2874 tempus
445 2799 571 2876 quidem
586 2801 641 2860 sed
656 2801 687 2860 in
702 2805 899 2879 perpetuum,
916 2802 1006 2862 facile
1022 2821 1098 2863 con-

165 2907 256 2950 versa
270 2889 384 2949 suntin
400 2890 574 2952 ordinarias
588 2891 771 2971 legationes.
795 2893 845 2956 Sic
861 2896 1096 2975 quodammodo

164 2982 239 3042 visae
263 2985 336 3042 sunt
349 2981 478 3043 adnexae
501 2983 545 3042 illi
560 2985 626 3045 sedi
647 2985 813 3064 episcopali
838 2988 927 3066 cujus
942 2989 1096 3066 episcopis

165 3075 226 3135 hoc
237 3093 351 3135 munus
364 3075 516 3137 committi
532 3078 661 3140 solebat.

204 3169 378 3245 Eapropter
393 3167 477 3228 circa
497 3169 647 3230 saeculum
663 3189 781 3233 nonum
803 3173 835 3233 in
857 3173 1096 3235 desuetudinem

165 3257 309 3319 abierunt
333 3264 364 3321 et
386 3260 454 3322 loco
483 3261 622 3339 ipsorum
647 3264 705 3325 orti
731 3268 804 3326 sunt
829 3265 923 3344 legati
952 3266 1029 3344 nati,
1051 3267 1094 3350 illi

164 3363 278 3428 nempe
291 3351 428 3430 episcopi
444 3353 496 3432 qui
508 3354 629 3415 ratione
640 3357 828 3436 sedisqnam
838 3358 956 3421 hebent
965 3377 1094 3421 munere

165 3441 321 3502 donentur
334 3443 501 3507 vicariatus
522 3448 692 3524 apostolici.
711 3449 773 3510 Sed
797 3450 848 3510 hic
865 3451 1090 3530 Jurisdictionis
