2514 4014
321 297 428 346 nosma
449 297 602 346 spectans
628 299 712 346 tnnrs
733 298 888 346 canomcr.
1035 285 1072 346 {9

134 439 327 518 differentia,
348 441 406 503 nisi
427 442 511 521 qnod
538 441 683 522 apostoli,
715 441 926 522 singularibus
947 440 1072 502 dotibus

132 530 276 610 praediti,
298 533 474 595 infallibiles
494 535 631 611 fuerunt,
649 553 708 596 nec
732 537 878 614 poterant
900 533 1072 596 Ecclesiam

133 624 284 686 scindere
295 629 325 686 et
339 645 359 686 a
372 627 473 705 capite
491 627 593 704 avelli,
611 627 655 688 uti
672 627 784 706 singuli
800 626 950 706 episcopi.

174 720 247 780 VII.
272 720 333 780 Sed
358 720 425 780 haec
453 723 591 804 potestas
622 720 817 799 singulorum
840 718 1069 798 episcoporum,

132 809 246 870 divina
260 811 453 872 ordinatione
467 813 620 888 inst'tuta,
636 811 730 872 aliam
743 830 806 872 non
819 811 957 872 habebat
970 812 1071 872 deter-

131 902 354 980 minationem,
373 903 432 964 nisi
454 905 539 983 quod
557 904 687 964 deberet
706 922 773 964 esse
791 904 904 982 potiori
926 903 1071 983 potestati

90 1070 99 1076 ἢ
132 995 291 1074 subjecta.
304 997 394 1057 Unde
409 997 700 1057 determinationem
715 997 762 1058 sui
777 997 869 1058 officii
882 995 915 1055 in
925 998 1071 1057 concreto

133 1104 202 1147 non
217 1087 362 1165 habebat,
382 1089 438 1148 sed
452 1091 575 1168 poterat
590 1106 660 1148 eam
676 1107 696 1149 a
711 1088 864 1167 superiori
886 1086 1071 1149 auctoritate

135 1179 293 1258 accipere.
317 1180 406 1252 Quod
423 1181 541 1242 factum
566 1184 614 1242 est
634 1199 691 1258 per
716 1181 949 1242 distinctionem
971 1179 1072 1241 dicere

133 1289 216 1331 seon.

176 1365 348 1446 Postquam
362 1383 437 1444 ergo
453 1365 584 1443 apostoli
599 1368 853 1445 propagaverant
865 1365 1072 1446 Evangelium

137 1459 171 1517 et
179 1456 391 1518 fundaverant
399 1457 582 1534 Ecclesiam,
594 1458 689 1518 alium
697 1476 754 1537 pro
768 1477 899 1520 munere
910 1477 966 1519 suc
979 1458 1071 1536 elige·

139 1550 228 1627 bant,
239 1569 335 1630 quem
347 1551 579 1612 constituebant
594 1551 763 1613 antistitem
777 1552 827 1612 vel
844 1551 1025 1630 episcopum
1037 1553 1073 1611 ut

138 1640 222 1704 illius
241 1643 400 1704 nascentis·
419 1643 652 1722 aggregationis
666 1642 885 1704 ecclesiasticae
905 1645 987 1702 esset
1000 1661 1073 1720 pas-

138 1738 190 1795 tor
204 1737 235 1796 et
247 1735 403 1814 princepe,
421 1754 484 1796 non
501 1754 590 1796 secus
603 1755 639 1796 ac
657 1754 750 1812 unus,
768 1753 806 1795 ex
820 1734 933 1796 Christi
949 1733 1072 1796 institu-

137 1825 235 1904 tione,
252 1827 355 1888 tuerat
365 1827 405 1887 ad
418 1827 598 1888 universam
609 1829 782 1908 regendam
794 1826 966 1889 Ecclesiam
978 1827 1071 1888 stabi-

137 1917 222 1980 litus.
233 1919 377 1980 Ambitus
392 1923 496 1982 autem
508 1921 657 1982 territorii
672 1920 817 1982 usuvenit
829 1920 966 1998 dicereris,
983 1919 1071 2000 quasi

138 2009 227 2072 locus
240 2015 393 2089 separatae
406 2012 694 2074 administrationis.
709 2013 848 2076 Societas
862 2013 927 2090 illa,
947 2012 1073 2074 territo-

139 2103 186 2164 rio
205 2104 348 2180 limitata,
375 2105 433 2165 sub
455 2106 601 2184 episcopo
624 2105 725 2185 capite
744 2105 896 2182 instituta,
921 2110 1072 2185 tanquam

140 2195 288 2275 quadam
308 2197 440 2258 societas
464 2198 603 2276 perlecta
624 2198 657 2258 in
679 2216 794 2277 genere
821 2216 890 2274 suo,
915 2197 999 2258 dicta
1027 2201 1074 2259 est

138 2288 289 2365 Ecclesia,
306 2308 364 2368 per
375 2289 617 2368 applicationem
635 2310 748 2370 nempe
769 2290 903 2352 nominis
925 2290 1071 2369 periectae

140 2380 298 2442 societatis
325 2381 465 2443 societati
480 2381 526 2442 illi
546 2399 615 2465 quae
638 2383 793 2462 generalis
809 2381 967 2444 societatis
992 2385 1073 2444 esset

140 2491 225 2553 pars.

181 2568 260 2630 Vlll.
284 2569 374 2628 Patet
389 2585 464 2647 ergo
479 2568 658 2629 universam
669 2569 814 2630 Ecclesiae
829 2567 1073 2628 administratio-

141 2678 214 2719 nem
227 2660 334 2720 reduci
349 2679 440 2740 pcsse
456 2661 489 2721 in
508 2663 646 2738 systema
664 2661 822 2740 generale,
845 2661 930 2739 quod
950 2677 988 2720 ex
1001 2659 1075 2720 har-

140 2751 249 2812 monia
273 2752 411 2830 plurium
434 2756 640 2831 systematum
668 2753 905 2832 particularium
930 2752 1071 2832 exurgit3

141 2844 296 2924 siquidem
312 2845 478 2924 singularis
498 2846 638 2906 Ecclesia
650 2847 872 2925 particularem
891 2845 1073 2907 societatem

141 2937 300 3016 supponit,
311 2937 413 3015 capite
426 2939 588 3017 episcopo;
602 2957 665 3000 una
677 2944 783 3000 autem
793 2944 839 3001 est
850 2939 994 2999 dioecasis
1004 2957 1073 3016 par-

140 3029 290 3105 ticularis,
312 3029 457 3091 videlicet
471 3049 603 3092 romana
617 3031 766 3109 Ecclesia,
792 3050 862 3112 quae
880 3031 1075 3110 gubernatur

141 3122 181 3183 ab
193 3123 350 3202 Episcopo
364 3123 512 3200 maximo,
528 3127 680 3204 tanquam
695 3128 838 3185 centrum
857 3123 953 3184 totius
974 3125 1074 3201 syste-

140 3215 232 3276 matis
261 3215 427 3294 generalis.
452 3216 542 3279 Unde
568 3220 739 3294 systemata
763 3214 965 3296 particularia
990 3215 1074 3276 circa

140 3308 290 3386 generale
317 3308 486 3370 volvuntur
511 3313 751 3388 respectumque
780 3309 820 3370 ad
844 3308 920 3369 illud
946 3308 1072 3369 babent.

142 3401 296 3472 Quocirca
315 3399 384 3460 haec
402 3391 604 3480 particularia
620 3405 791 3480 systemata
810 3401 842 3462 in
861 3405 984 3462 tantum
1004 3418 1076 3479 per-

142 3492 244 3556 tinent
254 3493 295 3555 ad
307 3496 446 3572 systema
455 3495 602 3574 gencrale
612 3495 645 3556 in
658 3498 810 3574 quantum
819 3495 903 3556 circa
913 3493 973 3554 hcc
983 3509 1075 3571 gene-
