2512 4012
361 257 425 308 :nn
447 261 574 310 outncro
594 265 677 310 ιιιιιι
699 263 853 311 aaronica
1025 245 1084 314 'etr

135 401 299 466 dictione.
315 405 406 468 Unde
418 425 475 486 pro
484 407 639 486 prooemio
649 411 764 471 nostrae
778 408 973 472 tractationis
985 407 1086 472 inver-

138 495 282 576 tiganda
299 501 347 558 est
367 501 481 560 natura
503 499 683 580 utriusque,
707 500 875 563 discrimen
894 501 979 584 quod
1005 501 1086 563 inter

140 589 219 652 illas
231 589 397 655 intercedit
411 594 444 654 et
455 593 576 676 species
586 593 748 679 utriusque
760 593 934 679 potestatis.

490 765 594 816 CAPUT
611 763 747 818 PRIMUM.

259 947 263 957 .
316 920 348 958 DE
366 919 513 958 POTESTATE
530 919 637 960 onorius
654 919 686 958 ΕΤ
702 920 918 962 Junlsnlcnoltls

186 1052 214 1112 1.
238 1051 286 1112 Ad
318 1054 465 1112 naturam
486 1050 648 1132 utriusque
661 1051 823 1131 potestatis
836 1051 921 1132 qnod
944 1057 1081 1131 spectat,

141 1141 264 1204 dicitur
275 1146 414 1221 potestas
430 1143 569 1204 ordinis:
585 1144 817 1224 supernaturalis
835 1143 970 1228 quaedum
988 1145 1083 1225 secut

19 1283 22 1292 .
144 1242 227 1296 tosa
253 1235 370 1298 Christo
392 1235 518 1296 Domino
532 1237 668 1296 instituta
686 1237 727 1298 ud
743 1237 888 1298 internum
907 1237 1084 1319 operandae

144 1327 283 1408 fidelium
297 1329 480 1389 sanctitatem
487 1348 546 1409 per
558 1337 749 1391 sacramenta.
764 1332 969 1395 Sacramenta
976 1334 1083 1393 antem

40 1413 43 1420 ’
75 1479 79 1485 ,
144 1421 182 1481 in
196 1439 257 1482 sua
273 1421 510 1500 generalissima
523 1422 751 1501 significatione
775 1427 848 1484 sunt
861 1423 939 1484 ritus
954 1425 1082 1502 symbo-

144 1513 199 1576 lioi
212 1515 254 1575 ad
265 1515 545 1576 sanctificationem
556 1515 770 1594 peragendam
781 1515 927 1578 ordinati.
940 1519 1082 1578 Potestas

90 1655 93 1660 .
146 1611 257 1669 autem
268 1607 414 1686 jurisdiot
401 1607 558 1669 ttionis
510 1612 558 1669 est
578 1609 813 1713 supernaturales
831 1607 965 1692 quedam
983 1615 1083 1688 potes-

147 1709 194 1762 tas
208 1699 357 1762 abeodem
374 1700 491 1763 Christo
462 1701 596 1762 ιοιιιιιιι
572 1702 648 1762 ιἰιιιιι
666 1699 708 1762 nd
716 1701 825 1782 populi
840 1699 938 1782 fidelis
954 1701 1084 1781 repimen

147 1793 181 1854 ιἰι
193 1793 283 1874 finem
294 1793 557 1873 supernaturalem

189 1887 228 1948 ll.
252 1885 306 1946 His
320 1885 445 1965 posite,
468 1906 506 1948 ex
526 1887 634 1948 definit
635 1886 760 1949 ionibus
782 1886 848 1949 istis
868 1887 1081 1968 unnsquisque

149 1978 243 2040 facile
257 1979 343 2040 videt
351 1979 471 2040 nullum
485 1980 568 2040 inter
582 1999 602 2039 u
603 1983 749 2060 trumque
768 1980 935 2043 discrimen
948 1981 1082 2044 interce-

148 2072 274 2150 dere‚'
250 2092 275 2132 ιι
287 2072 373 2152 origo
387 2073 437 2133 vel
449 2073 520 2133 finis
534 2072 698 2152 utriusque
711 2073 887 2134 consideret
874 2077 936 2151 tur,
954 2075 1010 2134 sed
1022 2073 1082 2136 hoc

149 2165 338 2226 fundament
339 2167 388 2226 ale
416 2151 584 2227 discrimen
610 2166 780 2228 consistere
800 2166 833 2228 in
854 2166 976 2248 objecto
999 2166 1082 2229 cirea

149 2260 236 2340 quod
252 2260 345 2321 ambo
358 2262 535 2321 versantur.

188 2352 352 2433 Objeotum
367 2356 536 2431 autempot
537 2353 625 2414 estat'
603 2357 643 2414 ιιι
652 2326 810 2433 jurisdict
802 2353 882 2414 runis
886 2353 987 2433 quod
995 2352 1081 2414 ahud

147 2466 212 2509 non
238 2448 285 2507 est
306 2446 364 2507 uisi
379 2450 545 2509 externum
559 2446 701 2525 regimen
726 2445 894 2522 societate,
920 2446 959 2506 de
986 2464 1020 2506 se
1035 2447 1081 2506 est

146 2540 224 2621 quid
238 2541 380 2601 naturale
395 2540 480 2619 quod
507 2543 538 2600 et
560 2543 700 2618 peteruae
722 2537 877 2600 auctorita
877 2491 947 2598 tim
962 2537 1081 2598 familia

147 2632 330 2710 domestica,
342 2635 373 2694 et
384 2631 518 2712 politicae
531 2631 710 2694 auctoritati
723 2630 756 2691 in
765 2629 938 2710 republica,
951 2647 1080 2707 genera-

145 2726 203 2788 tim
212 2726 370 2805 loquendo
386 2729 490 2804 potest
504 2724 692 2804 comparari.
722 2724 812 2786 Unde
826 2721 965 2784 Ecclesia
979 2721 1011 2782 in
1033 2740 1080 2783 sa-

148 2819 209 2881 eris
223 2819 335 2880 litteris
355 2819 564 2880 communiter
582 2818 632 2880 vel
648 2818 770 2894 domui,
786 2818 942 2896 velregno
959 2815 1080 2877 assimi-

146 2914 241 2974 latur.
258 2914 298 2974 nt
319 2931 394 2974 sane
412 2911 589 2992 jurisdictio
611 2930 667 2970 seu
689 2911 857 2974 auotoritas
871 2909 1081 2972 ecclesiastica

147 3007 186 3068 de
200 3009 335 3086 utraque
351 3009 418 3067 tum
435 3009 577 3084 paterna,
594 3007 662 3064 tum
675 3003 802 3083 politica
814 3007 968 3083 potestate
987 3001 1019 3061 in
1032 3019 1079 3061 or-

147 3099 220 3160 dine
248 3118 304 3161 suo
319 3099 445 3161 videtur
464 3097 665 3177 participare.
690 3099 735 3158 De
757 3096 942 3158 auctoritate
966 3111 1079 3172 nempe

146 3195 280 3272 paterna
297 3193 330 3252 in
345 3194 499 3272 quantum
515 3190 711 3270 singulorum
732 3189 869 3249 filiorum
884 3204 992 3248 curam
1011 3205 1080 3249 sus-

147 3286 237 3365 cipit;
255 3286 294 3346 de
307 3285 493 3347 auctoritate
503 3283 640 3363 politica,
652 3283 684 3342 in
697 3279 986 3361 quantumintegrae
995 3297 1078 3344 com-

42 3429 47 3438 .
147 3379 307 3441 munitatis
317 3377 559 3440 sollicitudinem
570 3376 661 3456 gerit.
674 3376 872 3453 Quapropter
884 3373 1078 3455 frequentius

149 3473 291 3536 Ecclesia
305 3473 364 3536 sub
380 3473 440 3534 hoc
459 3473 603 3551 respectu
617 3467 706 3550 gregi
719 3471 929 3548 eomparatur,
947 3466 1077 3547 ejusque
