2512 4012
192 287 251 350 eto
402 301 629 350 ursrrrurronus
649 301 731 350 rurus
754 301 907 349 cruorum.

194 449 335 510 stitutum
345 447 498 508 uuiversae
507 447 786 510 administrationis
795 446 1013 509 ecclesiasticae
1024 446 1126 509 natio-

195 541 253 618 nis,
267 538 356 618 regni
365 540 415 602 vel
431 539 599 618 provinciae
610 541 805 619 propositum
822 545 878 603 est.

234 633 324 696 Unde
338 634 428 711 plura
444 637 613 712 assurgunt
627 634 758 714 collegia
780 634 898 694 ordinis
914 633 1079 713 pastoralis
1093 638 1128 695 et

194 725 361 806 legislativi
382 744 452 804 quae
472 725 524 805 jus
539 726 647 788 dicunt
673 727 705 786 iu
728 727 877 803 Ecclesia,
902 745 971 806 quae
992 727 1032 786 ad
1059 729 1128 788 tres

196 818 313 898 gradus
328 822 459 896 possunt
470 819 621 881 revocari.

236 913 288 973 lll.
312 911 448 972 Primum
462 911 494 971 iu
509 912 568 972 hac
581 912 739 992 categoria
751 912 885 992 gradum
899 914 1016 976 obtinet
1031 915 1129 974 colle-

197 1006 283 1085 gium
295 1005 512 1083 episcoporum
525 1005 582 1066 suh
595 1008 735 1066 Romano
749 1006 898 1066 Pontifice
910 1005 1126 1067 coustitutum.

198 1101 264 1159 Hoc
293 1097 376 1157 enim
402 1097 546 1158 eamdem
575 1102 660 1159 tenet
680 1098 873 1160 auctoritatis
900 1099 1130 1177 plenitudinem

199 1210 294 1271 quam
314 1191 397 1251 solus
419 1193 578 1252 Romanus
601 1192 743 1252 Pontifex
761 1192 872 1269 habet,
898 1191 924 1252 si
949 1192 1131 1252 considera-

198 1288 250 1346 tur
264 1283 440 1344 hierarchia
458 1284 563 1363 quoad
577 1283 715 1363 singulos
734 1285 873 1346 clericos,
893 1287 1062 1363 Propterea
1077 1285 1130 1345 hie

199 1377 317 1458 gradus
335 1376 538 1454 auctoritatis²
558 1377 590 1438 iu
609 1377 718 1437 ordine
733 1378 947 1456 collegiorum,
961 1377 1134 1456 respondet

200 1470 393 1552 pontificatui
406 1469 552 1546 maximo,
568 1470 598 1530 iu
608 1469 803 1549 singulorum
813 1471 997 1532 clericorum
1007 1471 1129 1532 ordiner

241 1561 417 1640 Secundum,
440 1582 495 1624 seu
508 1562 739 1640 intermedium,
755 1567 862 1625 teuent
883 1565 986 1627 locum
999 1563 1133 1642 collegia

202 1657 251 1718 vel
267 1655 406 1718 omnium
421 1655 793 1734 episcoporumuationis
813 1661 867 1718 aut
888 1656 975 1735 regni
996 1657 1053 1717 suh
1078 1675 1133 1736 pa-

201 1749 338 1812 triarcha
348 1749 398 1810 vel
413 1749 557 1828 primate,
572 1767 628 1809 seu
638 1749 804 1828 collegium
814 1749 954 1810 omnium
970 1750 1135 1828 episeopo-

204 1862 274 1904 rum
294 1841 603 1920 comprovincialium
617 1842 675 1903 sub
687 1843 886 1921 metropolita
900 1862 967 1920 suo,
977 1842 1134 1922 siquidem

206 1935 374 1996 auctoritas
395 1934 480 1994 hisce
508 1940 688 2013 competens
706 1936 843 2015 collegiis
863 1956 920 1996 uec
944 1936 1022 1996 adeo
1047 1940 1136 2014 patet

205 2046 242 2088 eu
252 2045 315 2088 una
329 2031 429 2107 parte,
447 2031 481 2088 ut
495 2028 535 2088 ad
549 2029 729 2090 universam
745 2029 930 2090 extendatur
944 2029 1133 2106 Ecclesiam,

205 2141 263 2182 uec
287 2121 364 2183 adeo
387 2123 563 2182 coarctatur
577 2140 615 2181 eu
634 2122 743 2200 altera,
765 2129 802 2183 ut
813 2123 895 2182 intra
911 2122 1025 2184 limites
1041 2122 1135 2182 unius

206 2214 375 2275 dioeceseos
390 2213 596 2276 contineatur.
620 2216 804 2277 Extenditur
815 2235 928 2294 nempe
943 2215 983 2276 ad
1005 2215 1136 2294 negotia

206 2307 414 2368 ecclesiastica
426 2307 521 2368 totius
531 2307 676 2386 nationis,
689 2309 777 2388 regni
792 2309 842 2370 vel
852 2308 1032 2388 provincia,
1048 2307 1136 2367 ideo-

207 2419 267 2480 que
290 2400 460 2479 respondet
472 2400 504 2460 in
527 2400 636 2462 ordine
656 2401 858 2480 collegiorum
882 2402 928 2461 illi
941 2400 1136 2461 auctoritatis

206 2494 318 2573 gradui
335 2513 428 2575 quem
445 2493 477 2554 in
495 2483 604 2555 ordine
624 2494 775 2572 singulari
788 2494 905 2555 hahent
918 2493 1013 2573 legati
1032 2493 1138 2571 ponti-

207 2589 279 2650 ficii.

249 2682 378 2742 Tertium
393 2685 424 2742 et
437 2680 581 2741 ultimum
597 2682 683 2741 tenet
701 2680 805 2742 locum
820 2681 984 2760 collegium
1009 2679 1138 2741 clerico-

208 2793 277 2835 rum
293 2775 542 2834 dioeeesanorum
556 2772 614 2834 sub
627 2773 772 2852 episeopo
786 2793 853 2834 suo.
871 2774 955 2834 Illius
966 2773 1048 2834 enim
1062 2791 1139 2833 aue-

208 2865 340 2928 toritatis
355 2883 424 2944 quae
445 2865 519 2925 data
536 2868 582 2926 est
593 2866 631 2926 ab
651 2867 798 2944 episcopo
819 2867 1007 2942 dioecesano,
1021 2865 1139 2926 limites

209 2978 271 3020 non
281 2956 546 3037 praetergreditur.
564 2959 653 3020 Unde
667 2959 699 3018 in
714 2959 823 3019 ordine
840 2958 991 3038 collegiali
1006 2977 1140 3036 respou-

209 3053 262 3112 det
287 3051 331 3110 illi
353 3051 465 3130 gradui
487 3051 790 3131 auctoritatisquem
803 3049 834 3112 iu
853 3053 962 3114 ordine
985 3051 1138 3130 singulari

210 3148 294 3204 tenet
315 3144 479 3222 episcopus
498 3143 704 3206 dioeoesanus

249 3239 300 3301 lV.
316 3241 384 3300 Non
399 3243 505 3300 tamen
519 3238 694 3317 putandum
717 3242 764 3300 est
779 3239 823 3299 sic
845 3256 935 3317 posse
952 3243 982 3300 et
1005 3237 1140 3316 collegia

205 3331 455 3413 jurisdictionem
470 3351 614 3394 exercere
627 3332 717 3394 sicuti
732 3339 863 3411 possunt
877 3332 1051 3411 singulares
1068 3348 1138 3410 per-

209 3445 305 3488 sona.
320 3429 399 3486 Nam
409 3445 506 3505 quum
519 3425 759 3506 collegium‚seu
769 3425 837 3486 haec
852 3443 986 3504 persona
995 3423 1136 3502 moralis,

210 3520 338 3588 resultet
348 3537 383 3580 ex
394 3519 509 3580 unione
524 3519 659 3601 plurium
674 3518 923 3598 individuorum,
941 3536 1069 3582 necesse
1091 3521 1138 3592 est
