2546 4016
140 247 200 310 roo
328 258 579 310 ‚usurariorum
598 260 681 308 sums
702 258 857 308 seruator.

140 407 317 488 fragmenta
354 405 462 468 decisa
498 407 538 468 ab
567 405 754 470 uutheutiois
780 403 1014 484 monumentis),
1042 403 1075 466 si

134 493 235 581 'igitur
253 500 405 562 obseurus
422 501 469 561 est
484 503 658 576 contextus,
677 499 718 560 ad
732 499 889 578 integrum
904 496 1073 560 deoretalis

140 593 221 654 illius
244 596 375 669 textum,
399 611 438 652 ex
453 611 516 674 qua
529 597 624 673 eaput
636 593 713 654 illud
720 593 921 671 desumptum
940 593 997 667 est,
1018 607 1071 650 re·

140 704 266 749 currere
286 689 410 766 oportet
425 686 517 749 :inde
537 705 645 749 omues
666 689 771 766 partes
783 685 824 746 ad
838 684 973 746 invieem
993 701 1070 744 eon-

140 779 214 842 ferri
227 780 352 857 debent,
370 780 455 860 quod
469 780 537 842 fieri
551 781 665 860 potest,
690 778 845 859 siquidem
867 775 1071 839 inveniuntur

140 873 269 952 integrae
280 873 453 934 decretales
464 873 497 932 in
509 872 677 934 oodioibns.

179 970 214 1028 ³⁰
236 966 268 1028 Si
295 965 418 1027 oodioes
442 965 630 1045 autographi
658 964 805 1026 deficiant
831 963 877 1043 (ut
901 961 1017 1024 aooidit
1035 960 1067 1022 in

141 1059 414 1123 eonstitutionibus
438 1076 507 1139 quse
536 1059 621 1139 apud
642 1060 718 1122 vpm
744 1056 952 1119 Deeretalinm
977 1071 1069 1134 repe·

140 1153 273 1228 riuntur,
291 1170 369 1231 quas
381 1151 558 1214 Bonifacius
573 1169 657 1232 papa
671 1169 733 1212 nou
746 1153 782 1212 ut
791 1149 944 1230 genuinas
955 1146 1065 1223 voluit,

141 1245 196 1306 sed
213 1244 254 1304 ad
273 1243 320 1304 sui
339 1244 490 1324 temporis
504 1245 701 1325 disciplinam
715 1241 977 1321 accommodare),
992 1243 1067 1302 tuno

141 1338 184 1400 nil
198 1337 283 1398 aliud
309 1340 407 1400 restat
426 1337 485 1399 nisi
499 1341 534 1401 nt
546 1358 584 1400 ex
597 1337 727 1400 historie
739 1336 833 1418 hujus
846 1333 995 1415 temporis
1014 1333 1069 1394 illa·

141 1429 260 1510 speeies
284 1431 478 1508 conficiatur,
506 1449 575 1512 quae
598 1430 710 1492 melius
732 1433 910 1510 temporum
934 1427 1069 1490 omnum-

141 1523 262 1586 stautiis
276 1523 475 1603 respondeat,
493 1542 625 1604 quaeque
640 1523 859 1586 rectitudinem
873 1524 904 1584 et
914 1518 1067 1603 justitiam

141 1607 456 1694 servetresoriben'tis
469 1617 666 1697 legislatoris.

182 1709 358 1788 Aliquando
372 1710 440 1771 haee
451 1711 590 1772 secunda
603 1729 688 1790 pars,
701 1710 820 1788 speeies
835 1723 958 1786 nempe,
977 1700 1069 1767 omit·

141 1803 227 1880 titur,
252 1821 350 1881 quum
372 1802 489 1864 soilioet
512 1803 683 1882 oepitulum
712 1800 980 1881 interpretandum
1005 1810 1069 1859 nou

142 1895 330 1974 respondeat
344 1894 435 1956 elicui
449 1896 534 1957 oasui
549 1896 740 1974 particulari,
757 1895 812 1956 sed
823 1895 906 1956 oirou
916 1891 1067 1973 quasdam

142 1986 279 2049 theorias
293 1987 456 2064 generales
470 1991 574 2050 verset
615 2033 622 2050 .

182 2081 233 2142 tv.
257 2081 345 2140 Tune
370 2079 549 2144 immediate
573 2081 738 2143 lec-tionem
753 2082 866 2161 exeipit
880 2078 968 2142 tertia
981 2094 1066 2158 pars,

143 2191 213 2254 quae
235 2172 350 2234 dieitur
368 2172 498 2251 dolium,
520 2179 552 2236 et
574 2175 714 2237 oonsistit
726 2175 759 2236 in
773 2175 911 2254 quadam
926 2170 1068 2254 proposi-

142 2266 226 2327 tione
244 2265 327 2325 oiroa
341 2284 437 2344 quem
449 2266 571 2348 integre
584 2268 721 2330 volvitur
739 2268 884 2348 quaestio,
901 2285 964 2329 nou
979 2281 1068 2326 secus

143 2357 289 2420 ecthesis
305 2358 337 2418 in
356 2358 539 2439 theologieis
558 2364 589 2423 et
609 2361 831 2441 philosophicis
855 2357 1070 2441 disputationi-

143 2453 212 2514 bus.
234 2453 280 2512 Ea
300 2455 422 2514 tantum
437 2453 600 2516 diversitas
614 2458 662 2516 est
675 2455 707 2516 in
721 2455 781 2517 hoo
801 2455 886 2534 quod
897 2453 1004 2529 thesis,
1018 2451 1068 2513 vel

143 2545 332 2608 affirmativa
345 2547 396 2607 vel
410 2547 556 2626 negativa
570 2548 620 2624 sit,
634 2567 759 2626 semper
770 2551 877 2610 temen
887 2550 974 2609 eerta
982 2547 1030 2608 est
1038 2547 1070 2606 et

143 2638 275 2720 positivo
288 2639 382 2701 modo
395 2641 570 2720 proposita;
588 2641 719 2702 dubium
733 2658 808 2703 vero
832 2638 1067 2721 problematioe,

143 2735 294 2809 tanquam
306 2733 331 2792 si
345 2733 492 2795 resolutio
508 2733 714 2813 inspeotanda
723 2733 803 2797 foret
816 2736 856 2797 ab
871 2735 940 2814 ipsa
952 2731 1068 2794 resolu-

142 2823 226 2886 tione
236 2823 431 2902 legislatoris.

183 2916 319 2978 Dubium
343 2920 448 2978 eutem
473 2919 658 2998 proponitur
676 2919 767 3001 juxta
782 2922 863 2982 hano
888 2919 1066 2982 formulam.

143 3011 215 3072 Jam
226 3009 387 3090 proposita
398 3010 502 3089 speeie
514 3011 668 3093 interpres
677 3013 856 3094 subjungit:
877 3011 1069 3086 «Quaesitum

143 3106 190 3165 est
217 3121 237 3163 a
263 3103 412 3167 Pontifioe
437 3121 479 3165 en
511 3105 680 3185 appellatio
708 3105 740 3167 in
769 3106 830 3168 hoo
855 3125 929 3168 casu
957 3105 1071 3168 debeat

144 3194 310 3257 admitiih

182 3287 258 3348 lude
284 3290 426 3370 sequitur
439 3298 546 3372 quarta
566 3310 652 3371 pars,
678 3308 748 3372 qum
775 3297 822 3355 est
843 3293 882 3354 de
908 3290 1070 3352 rationibus

143 3378 308 3442 dubitandi.
333 3383 397 3444 lllae
418 3386 524 3448 autem
545 3383 631 3446 aliud
653 3403 716 3447 non
745 3388 818 3448 sunt
844 3383 904 3447 nisi
925 3383 1070 3466 quaedem

144 3472 334 3554 objectiones
347 3493 402 3538 seu
413 3477 765 3556 argumentaoontrariu
777 3477 970 3560 responsioni
979 3475 1071 3558 legis
