2546 4016
356 283 464 331 roerce
485 285 638 330 senciens
659 287 742 332 soors
770 285 925 334 errorum.
1049 271 1106 338 lla

266 439 280 495 5
296 443 321 482 11.
336 451 367 482 ne
381 451 581 484 ccoucrrorruur
595 453 763 486 omonimum
780 453 1019 488 roouonrcomrrr.

213 579 359 659 Quinque
376 580 574 641 collectiones
590 581 799 642 Decretalium
813 601 833 644 a
847 583 996 662 Gregorio
1011 585 1051 646 Ill
1067 585 1107 646 ad

171 673 364 734 conc-Trid.
380 673 530 734 confectae
542 676 633 746 sunt;
651 692 764 753 nempe
778 695 785 736 :

213 769 249 826 Ι0
270 766 418 828 Collectio
465 785 535 846 quae
581 765 695 827 dicitur
728 766 925 829 Decretolium
973 768 1110 851 Greqorti

170 859 271 940 Papo
284 857 336 918 IX
342 877 356 935 ;

211 956 246 1012 20
267 953 343 1024 Quae
357 957 490 1014 vocatur
501 953 612 1014 Sestos
627 953 825 1014 Decretoliom
841 953 995 1034 Bonisoeii
1013 955 1087 1017 VIII
1092 976 1105 1032 ,·

212 1047 246 1106 3⁰
266 1045 414 1106 Collectio
431 1044 695 1122 Clementz‘ocrum;

211 1142 246 1198 4⁰
266 1137 509 1218 Ectrocoqooteo
521 1139 643 1200 loannis
656 1139 690 1200 X
688 1138 756 1200 XII
757 1157 771 1215 ,·

212 1234 246 1292 5⁰
267 1234 401 1293 Demum
414 1232 656 1314 Ectroooqootes
670 1253 840 1296 commones.

213 1324 371 1400 Dicemus,
386 1325 466 1388 sicut
480 1325 511 1386 iu
519 1327 780 1408 precedentibus,
796 1327 835 1390 de
851 1347 960 1392 earum
974 1327 1106 1394 historia

173 1421 206 1480 et
219 1417 415 1482 auctoritate.

437 1587 455 1625 1·
472 1585 575 1628 Hurorta
589 1586 669 1628 bonon
684 1587 843 1628 collectionum.

215 1723 253 1780 Χ.
278 1721 416 1782 Honorio
441 1722 492 1798 Ill,
509 1741 572 1803 quo
583 1723 732 1784 Pontifice
746 1721 864 1800 prodiit
878 1720 1106 1801 quintacollec·

173 1812 218 1874 tio
251 1815 461 1876 Decretalium
493 1833 589 1893 supra
618 1815 783 1892 recensita,
811 1814 961 1876 successit
989 1816 1106 1894 Grego-

173 1905 238 1966 rius
253 1908 306 1967 IX.
323 1906 391 1984 Hic,
410 1907 520 1969 videus
535 1909 619 1988 quod
631 1927 689 1986 por
702 1908 839 1989 quinque
858 1908 979 1988 priores
993 1911 1106 1968 Decre-

173 1997 284 2059 talium
305 1999 503 2078 collectiones
526 2019 639 2080 parum
660 2001 853 2063 satisfactum
865 2001 973 2064 fuisset
995 2001 1105 2063 studiis

172 2091 332 2154 canonicae
350 2093 617 2173 jurisprudentiae,
637 2094 676 2154 de
698 2112 779 2155 novo
808 2093 971 2154 condendo
992 2097 1106 2154 Decre-

172 2185 285 2246 telium
295 2186 403 2247 codice
414 2187 578 2248 consilium
592 2187 671 2249 iniit.

212 2279 485 2350 Quemadmodum
506 2280 602 2359 igitur
623 2279 818 2342 Justinianus
843 2280 1014 2359 imperator
1037 2279 1105 2341 Tri-

172 2371 311 2433 bonieno
336 2371 520 2434 mandatum
544 2373 630 2434 dedit
655 2378 690 2435 ut
715 2392 753 2432 ex
776 2373 911 2453 antiquis
945 2372 1104 2434 codicibus

172 2465 377 2544 Gregorieoo,
414 2467 677 2546 Hermogeniana
712 2465 930 2526 Theodosiano
958 2470 989 2528 et
1010 2465 1104 2526 etiam

169 2577 208 2619 ex
229 2558 360 2619 novellis
385 2557 656 2619 constitutionibus
680 2577 700 2619 a
723 2577 755 2618 se
770 2557 838 2636 ipso
861 2557 963 2634 editis,
987 2576 1104 2618 novum

170 2651 327 2713 condendi
338 2651 479 2712 codicem
487 2651 567 2730 juris
580 2650 690 2729 civilis,
704 2651 748 2713 ita
758 2655 790 2712 et
800 2649 967 2730 Gregorius
980 2653 1020 2712 Ill
1031 2669 1104 2728 pro-

169 2743 307 2804 vinciam
325 2743 411 2805 dedit
429 2745 464 2804 Β.
481 2743 667 2822 Raymundo
683 2744 721 2804 de
738 2743 917 2820 Pennafort,
935 2747 970 2804 ut
984 2735 1022 2803 ex
1037 2761 1104 2804 om-

171 2836 263 2897 nibus
290 2836 498 2898 anterioribus
520 2836 754 2897 collectionibus
792 2837 1013 2914 Decretalium‚
1045 2855 1103 2898 neo

169 2948 232 2991 non
240 2948 278 2990 ex
288 2929 513 2991 recentioribus
524 2928 796 2990 const‘tutionibus
804 2949 823 2990 a
831 2949 864 2990 se
872 2929 973 3006 editis,
986 2948 1103 2990 novum

169 3021 380 3084 Decretelium
414 3021 555 3083 codicem
576 3021 762 3082 elaboraret.
781 3022 873 3101 Operi
903 3021 1045 3084 incubuit
1065 3023 1101 3082 B.

171 3113 387 3194 Raymundus‚
412 3118 443 3177 et
458 3115 531 3176 licet
543 3114 719 3176 collection
739 3134 771 3175 se
794 3115 935 3178 coniecta
949 3134 1012 3176 non
1030 3133 1104 3176 eon-

173 3212 270 3270 staret
291 3227 328 3268 ex
342 3208 416 3270 solis
440 3207 654 3270 Decretalibus
669 3211 882 3270 ltonranorum
896 3208 1102 3286 Pontificum,

149 3347 153 3353 .
172 3302 227 3362 sed
248 3301 343 3363 etium
362 3321 400 3362 ex
414 3301 482 3362 aliis
497 3300 654 3362 canonicis
666 3301 799 3378 statutis,
812 3306 889 3381 pute
901 3301 1104 3364 conciliorum

173 3393 353 3471 canonibus,
374 3397 569 3456 tamencum
588 3393 765 3454 Decretales
786 3396 1000 3457 Romanorum
1021 3398 1103 3455 Pon-

173 3487 290 3550 tificum
313 3487 537 3548 constituerent
560 3488 683 3564 partem
706 3486 860 3566 potiorem
882 3487 975 3570 hujus
990 3487 1102 3548 collec-
