2512 4012
178 272 236 332 alo
388 277 719 326 rusr1ruriouassua1s
741 276 894 323 cruorum.

178 427 271 492 tionis
285 422 451 486 ordinariae
462 422 511 484 vel
526 421 792 483 extraordinaria.
806 423 894 480 Nunc
907 419 945 479 de
958 417 1110 497 gradibus

181 520 269 601 quasi
293 515 479 596 episcopalis
500 515 677 592 dignitatis,
695 513 747 592 qui
772 532 843 572 oum
865 510 975 573 bifarie
1000 511 1112 572 distin-

179 613 332 692 guantur,
360 610 467 684 utpote
496 606 549 684 qui
574 606 741 684 aliquando
765 605 821 682 rei,
848 604 1015 682 aliquando
1040 622 1113 680 per-

181 720 264 765 sonae
279 701 523 774 committantur,
547 697 698 759 distinctis
713 697 918 776 paragraphis
942 699 1014 757 sunt
1028 700 1111 756 trac-

180 795 278 859 tandi.

234 978 272 1019 111.
290 978 318 1017 De
331 973 432 1030 gradibus
441 976 501 1028 quast
515 972 671 1028 episcopalibus
681 972 728 1015 sedi
740 973 834 1024 annexis,
846 985 883 1015 seu
896 973 923 1014 de
938 972 1056 1016 abbatibus.

230 1147 308 1208 XXI.
337 1144 484 1216 Quamvis
513 1144 651 1206 Ecclesia
675 1164 769 1223 super
796 1146 958 1224 episcopos
981 1146 1111 1206 fundata

183 1241 223 1302 ab
249 1237 401 1316 episcopis
431 1237 591 1298 ordinaria
616 1238 885 1300 administratione
906 1239 1109 1316 gubernetur,

182 1337 288 1396 tamen
310 1330 423 1391 accidit
444 1330 612 1410 aliquando
632 1333 667 1390 ut
688 1330 794 1410 aliqua
816 1330 956 1396 Ecclesia
976 1330 1113 1408 particu-

183 1424 257 1486 laris
269 1425 313 1485 ita
330 1424 370 1484 sit
386 1423 554 1484 constituta
572 1426 608 1483 ut
625 1423 693 1484 loco
709 1422 845 1501 episcopi
862 1423 912 1483 vel
932 1422 1014 1484 sedis
1033 1423 1114 1500 epis-

185 1516 301 1597 copalis
326 1516 422 1576 alium
447 1516 562 1575 habeat
590 1516 756 1593 praelatum
777 1516 827 1576 vel
853 1515 961 1576 sedem
987 1510 1114 1576 alterius

185 1609 324 1691 praelati,
343 1609 395 1688 qui
414 1609 487 1668 licet
508 1608 589 1667 illius
609 1608 691 1668 sedis
711 1627 774 1669 non
796 1607 836 1668 sit
854 1608 1036 1687 episcopm,
1053 1608 1114 1668 imo

187 1721 244 1762 nec
269 1701 437 1780 episcopali
462 1700 571 1760 ordine
594 1701 778 1780 insignitus,
795 1704 900 1761 tamen
924 1701 1013 1779 quasi
1036 1700 1116 1779 opis-

187 1813 284 1872 copus
297 1812 366 1864 eam
381 1793 577 1854 administrat
594 1812 648 1854 seu
665 1794 753 1872 quasi
768 1793 978 1873 episcopalem
993 1783 1128 1854 exercet

183 1886 443 1965 jurisdictionem.

226 1978 264 2037 Hi
278 1977 397 2056 praelati
411 1977 484 2036 dicti
498 1981 568 2038 sunt
581 1977 698 2039 abbates
710 1979 815 2058 (latine
829 1979 965 2058 patres),
983 1997 1117 2058 quorum

188 2071 277 2148 origo
305 2087 343 2128 ex
367 2069 455 2128 fastis
482 2070 709 2131 monachorum
737 2072 876 2150 profecta
905 2071 1040 2133 videtur.
1062 2074 1117 2132 llx-

188 2161 314 2224 structis
335 2180 471 2239 namque
486 2163 595 2240 procul
610 2164 650 2223 ab
669 2164 799 2224 urbibus
814 2165 963 2226 ooenobiis
982 2184 1038 2224 seu
1054 2183 1116 2224 mo-

188 2253 347 2329 nasteriiS,
363 2253 453 2313 facile
470 2256 571 2332 potuit
590 2256 715 2316 evenire
732 2262 766 2318 ut
785 2257 931 2336 quaedam
948 2257 1118 2318 christiana

189 2345 278 2426 plebs
309 2345 392 2406 circa
424 2347 542 2407 moenia
577 2350 757 2410 monasterii
794 2350 985 2428 excreverit,
1009 2369 1119 2410 eorum

190 2457 302 2518 nempe
326 2439 378 2519 qui
404 2440 550 2518 operibus
576 2441 765 2504 monasterio
792 2442 994 2521 praestandis,
1011 2444 1064 2503 vel
1087 2443 1119 2502 in

190 2550 337 2610 agrorum
360 2533 497 2609 cultura,
512 2533 562 2593 vel
582 2534 614 2592 in
632 2534 751 2594 catoris
776 2539 879 2596 essent
900 2535 1028 2596 addicti.
1046 2538 1118 2596 Haec

190 2625 278 2703 plebs
294 2624 464 2684 christiana
479 2624 569 2683 facile
589 2625 699 2686 habuit
713 2627 877 2687 ecclesiam
891 2627 1119 2688 monachorum

190 2721 342 2793 tanquam
362 2715 534 2793 paroeciam
554 2734 663 2793 suam,
683 2719 733 2778 vel
756 2719 935 2780 monasterii
955 2721 1119 2798 praefectos

192 2806 235 2886 (id
248 2810 294 2866 est
306 2806 446 2884 abbates)
461 2809 613 2884 tanquam
630 2827 703 2869 suos
723 2811 899 2888 spirituales
917 2817 1038 2890 patreS,
1054 2817 1118 2874 tan·

192 2915 286 2978 quam
306 2897 474 2975 parochos,
491 2917 509 2957 a
529 2899 641 2977 quibus
663 2903 864 2981 spiritualiter
880 2909 1076 2983 regerentur.

232 2990 294 3052 Sed
309 2993 474 3067 postquam
489 2993 679 3054 monasteria
694 2998 725 3056 et
737 2996 913 3073 superiores
928 3016 1039 3057 eorum
1054 2998 1118 3076 plu-

191 3101 241 3142 res
255 3081 457 3142 obtinuerunt
474 3085 670 3162 exceptiones
686 3087 725 3148 ab
738 3089 921 3149 auctoritate
937 3090 1116 3168 episcopali,

192 3175 269 3234 nihil
293 3173 413 3234 facilius
434 3176 563 3255 contigit
587 3197 681 3257 quam
704 3184 739 3242 ut
764 3181 831 3242 haec
855 3183 1009 3259 paroecia,
1032 3183 1119 3243 inde·

192 3267 332 3344 pendens
348 3269 470 3328 reddita
491 3271 530 3330 ab
552 3273 735 3333 auctoritate
756 3273 907 3352 episcopi,
925 3277 1014 3336 lieret
1031 3274 1118 3356 quasi

194 3359 354 3436 dioeoesis,
381 3361 430 3422 vel
456 3361 524 3422 haec
549 3364 716 3426 auctoritas
745 3385 814 3444 quea
841 3367 1029 3445 parochialis
1054 3371 1119 3429 erat

194 3469 355 3538 quousque
383 3453 527 3534 episcopo
557 3455 697 3535 subjecta
726 3459 892 3536 manebat,
920 3460 1008 3542 quasi
1039 3460 1119 3544 epis«¹
