2512 4012
393 293 434 340 nn
452 292 583 343 ommno
602 295 687 344 rums
707 295 862 345 emersu.
1035 287 1094 350 m

194 439 311 500 XXIV.
335 437 577 520 7⁰Conprepatio
600 459 659 522 pro
682 441 815 503 arsaniae
839 441 1094 524 episcoporum

154 531 323 594 Clemente
337 533 407 595 Vlll
421 537 469 594 ost
492 532 643 598 instituta.
671 535 840 614 Gregorius
851 538 931 614 XIV,
949 537 1002 617 qui
1025 541 1095 600 tan-

153 642 254 704 quam
273 625 441 705 episcopus
461 627 690 704 Cremonensis,
711 631 881 709 autequam
895 629 998 692 factus
1013 637 1096 694 esset

154 718 1094 802 cardinalis,sedebatinconciliol'ridontino‚apprimccon-

155 812 244 874 soius
263 831 376 874 sensus
390 812 516 874 illorum
530 815 660 879 Petrum
671 813 755 876 circa
772 814 950 894 rigorosum
961 835 1094 879 examen

154 906 355 968 servandum
376 909 444 968 tum
465 905 504 967 de
520 906 674 984 doctrina,
691 910 759 968 tum
774 907 815 968 de
828 908 969 972 moribus
985 927 1095 974 eorum

155 999 212 1080 qui
225 999 436 1079 promovendi
444 1001 535 1060 arant
545 999 587 1059 ad
600 998 827 1078 episcopatum,
835 999 887 1060 vix
899 1004 935 1063 ut
947 1003 1094 1064 Summus

154 1093 304 1156 Pontifex
318 1095 441 1154 creatus
457 1095 514 1168 est,
530 1091 784 1154 constitutionem
797 1092 895 1157 edidit
909 1093 942 1156 iu
956 1113 1019 1177 qua
1030 1095 1095 1158 ior-

156 1203 246 1248 mam
260 1185 356 1266 hujus
370 1185 523 1247 examinis
533 1184 764 1248 determinavit.

199 1280 410 1344 Nullatamen
423 1278 627 1359 congregatio
635 1277 677 1338 ad
688 1277 748 1340 hoc
755 1279 897 1342 instituta
906 1281 1018 1344 fuerat.
1026 1283 1095 1345 Gle-

157 1391 250 1436 mene
262 1374 332 1434 Vlll
350 1371 592 1452 praedecessoris
600 1371 651 1432 sui
661 1390 739 1452 opus
750 1373 891 1452 perfecit,
900 1377 931 1435 et
944 1375 1094 1454 peculiari

159 1465 383 1528 constitutione
396 1464 493 1526 edixit
510 1467 545 1525 ut
556 1465 648 1526 electi
662 1464 801 1544 episcopi
816 1481 923 1527 eornm
936 1485 971 1527 se
982 1469 1016 1528 ot
1029 1486 1095 1529 car-

158 1559 319 1622 dinalibus
339 1575 406 1620 sue
428 1557 541 1619 darent
554 1557 714 1638 specimen
724 1557 884 1620 doctrine.
902 1559 991 1623 Unde
999 1560 1095 1623 intro·

160 1654 258 1716 ducta
267 1654 316 1713 est
329 1651 531 1732 congregatio
545 1650 752 1713 cardinalium
769 1658 800 1712 et
809 1651 1022 1731 prelatorum
1035 1654 1095 1716 sub

160 1745 252 1812 titulo
283 1745 436 1806 examinis
462 1745 702 1824 episcoporum,
734 1742 823 1824 cujus
847 1748 894 1806 est
919 1746 1094 1826 approbare

162 1839 340 1902 doctrinam
369 1837 459 1900 electi
489 1837 639 1917 episcopi.
668 1839 743 1898 Haeo
766 1836 859 1898 etiam
893 1839 1094 1918 congregatio

161 1933 259 1996 habet
270 1950 363 1994 suum
379 1932 594 2007 secretarium,
612 1936 672 1992 etc.

201 2025 370 2088 Hodiernis
403 2024 545 2086 moribus
579 2022 683 2103 potius
724 2023 942 2086 ceremoniale
990 2025 1095 2089 evadit

162 2118 344 2203 hujusmodi
353 2135 497 2182 examen.

200 2215 232 2276 8⁰
249 2211 445 2293 Conprepatir
470 2209 594 2292 fabrice
607 2209 643 2272 S.
668 2209 765 2271 Petri.
790 2209 953 2273 Primitiva
975 2211 1095 2276 semina

162 2324 226 2369 suae
238 2305 441 2368 institutionis
455 2303 566 2365 habuit
571 2303 667 2384 jama
679 2305 696 2366 J
700 2302 762 2364 ulio
773 2305 816 2377 113
828 2304 883 2365 sed
893 2323 984 2366 suam
994 2307 1095 2369 tenant

163 2399 358 2462 definitivam
371 2397 600 2460 institutionem
610 2415 629 2457 a
640 2396 799 2460 Clemente
819 2397 898 2460 v111.

201 2492 373 2556 Gomtahat
382 2489 713 2571 pluribuspraelatibus
720 2489 999 2571 ecclesiasticisque
1006 2492 1091 2556 viris.

162 2586 266 2650 Sistue
276 2588 303 2650 V
315 2585 389 2647 huic
402 2583 532 2664 collegio
554 2581 694 2662 praefecit
706 2582 899 2644 cardinalem
916 2583 1095 2664 archipres-

161 2679 309 2759 byterum
330 2677 436 2741 Sancti
451 2677 545 2740 Petri.
563 2677 706 2739 Clemens
720 2693 795 2738 vero
815 2677 883 2740 v111
898 2677 981 2739 huno
996 2678 1094 2741 erexit

161 2772 192 2832 in
207 2791 317 2834 veram
331 2770 609 2852 congregationem
617 2769 856 2848 cardinalium,
865 2769 994 2853 ejusque
1009 2771 1094 2834 auxit

161 2865 337 2929 facultates.
930 2872 933 2877 '

200 2964 236 3023 9⁰
247 2958 445 3040 Conpreqatio
453 2954 658 3040 propoqandoe
671 2955 753 3038 fidei,
770 2975 841 3038 quae
855 2958 997 3020 instituta
1013 2963 1061 3022 est
1074 2980 1095 3022 a

163 3052 314 3133 Gregorio
329 3053 396 3129 XV,
411 3051 453 3113 ad
478 3051 577 3112 instar
591 3050 844 3131 congregationis
870 3052 970 3114 sancti
986 3053 1091 3132 officii,

162 3165 235 3208 nam
253 3145 336 3207 sicut
353 3145 414 3208 ista
436 3145 475 3205 de
499 3143 562 3206 fide
588 3142 656 3225 jam
670 3148 845 3224 propagata
858 3145 1033 3224 adlaborat‚
1049 3148 1093 3210 ita

160 3239 214 3300 illa
232 3239 271 3300 de
285 3239 348 3300 tide
361 3237 577 3318 propaganda.
592 3238 711 3298 Praeest
731 3236 876 3299 omnibus
894 3238 1093 3304 missionibus

160 3332 192 3394 in
206 3335 313 3412 partes
327 3328 513 3409 infidelium,
531 3333 562 3393 et
575 3327 690 3392 intuitu
700 3329 884 3392 missionum
898 3333 1031 3412 praedita
1046 3337 1094 3397 est

162 3423 362 3507 amplissimis
383 3422 596 3501 facultatibus,
610 3421 766 3504 siquidem
779 3423 812 3485 in
830 3442 942 3486 sauna
964 3445 1093 3506 congre-

161 3518 325 3600 gationum
351 3518 488 3602 plurium
514 3517 648 3582 aliarum
673 3516 777 3581 officia
808 3520 1035 3602 complectitur,
1063 3525 1094 3586 et
