2512 4012
381 285 420 332 nn
442 284 570 332 opsecro
591 285 674 332 roms
696 284 851 330 canon1c1.
1026 269 1084 332 225

188 430 223 489 3⁰
243 427 323 490 Hinc
344 427 459 506 officio,
483 429 657 508 generatim
671 428 848 509 loquendo,
867 428 1024 489 adnexum
1039 431 1087 491 est

147 520 332 582 exercitium
343 521 438 583 totius
447 521 877 604 jurisdictionisepiscopalis.
889 522 1086 600 Quapropter

146 615 218 675 haec
233 614 302 693 ipsa
311 613 487 698 jurisdictio
500 620 532 676 et
541 615 718 696 jurisdictio
733 614 841 675 vicarii
856 614 1011 694 generalis
1021 632 1084 675 non

147 705 402 786 distinguuntur,
430 708 605 786 generatim
628 726 753 786 semper
772 708 949 786 loquendo,
972 707 1030 768 nisi
1052 706 1084 767 in

148 803 305 878 quantum
320 801 405 880 quod
420 801 584 880 episcopus
599 802 695 862 hahet
709 800 834 861 nomine
847 799 986 878 proprio,
1000 800 1085 862 vica-

147 892 216 952 rius
232 895 339 953 autem
357 893 482 954 nomine
506 895 658 974 episcopi,
685 895 848 973 episcopus
864 892 1083 972 originariam,

147 984 289 1045 vicarius
303 984 492 1064 delegatam.

189 1076 282 1140 Unde
298 1096 493 1159 consequens
509 1083 556 1139 est
578 1079 662 1159 quod
679 1078 816 1140 tribunal
829 1077 967 1158 episcopi
983 1081 1014 1140 et
1030 1078 1086 1140 tri-

148 1170 249 1230 bunal
262 1171 371 1232 vicarii
386 1172 540 1251 generalis
550 1191 613 1233 non
624 1172 858 1251 distinguuntur
870 1171 901 1232 in
913 1170 997 1253 jure,
1012 1171 1087 1252 quia

149 1263 290 1324 vicarius
311 1263 412 1344 ipsam
427 1269 632 1344 repraesentat
642 1283 810 1343 personam
822 1265 970 1344 episcopi.
988 1264 1086 1326 luris-

150 1355 250 1417 dictio
266 1355 428 1437 utriusque
439 1358 659 1420 identificatur.
674 1358 763 1420 Unde
776 1357 801 1418 si
816 1358 1026 1436 suspendatur
1036 1357 1085 1417 vel

152 1449 319 1511 amittatur
329 1450 504 1531 jurisdictio
520 1451 669 1531 episcopi,
686 1450 834 1529 suspendi
849 1451 898 1510 vel
914 1449 1012 1511 amitti
1032 1468 1088 1509 ne-

151 1560 241 1602 cesse
267 1546 314 1604 est
332 1543 509 1624 jurisdictio
527 1543 635 1604 vicarii
657 1542 821 1622 generalis.
848 1542 937 1604 Unde
962 1545 1086 1602 mortuo

152 1635 314 1715 episcopo,
328 1640 429 1699 cessat
441 1637 567 1698 omnino
579 1635 756 1718 jurisdictio
766 1634 874 1696 vicarii
889 1632 1055 1713 generalis.

191 1733 226 1789 4⁰
247 1730 310 1791 Sed
321 1730 394 1792 licet
405 1729 735 1809 generalitervicarius
746 1731 950 1807 repraesentet
961 1725 1088 1787 univer-

152 1839 222 1882 sam
238 1822 374 1902 episcopi
390 1822 656 1902 jurisdictionem,
678 1840 748 1882 eam
762 1825 868 1882 tamen
884 1822 1088 1899 repraesentat

152 1913 288 1976 limitato
303 1916 411 1993 modo,
429 1919 583 1996 quatenus
599 1915 748 1976 nonnulla
763 1913 952 1994 episcopalia
968 1912 1042 1994 jura
1055 1911 1087 1971 iu

153 2008 259 2086 specie
273 2027 337 2070 non
352 2013 519 2071 censentur
538 2008 611 2070 huic
630 2008 751 2070 muneri
768 2008 918 2068 mandata
937 2006 1003 2067 sine
1018 2023 1089 2085 spe·

153 2100 225 2162 ciali
239 2102 447 2181 delegatione.
459 2104 538 2164 Sunt
551 2106 656 2162 autem
666 2102 734 2162 haec
745 2100 819 2181 jura
828 2101 930 2178 plura,
943 2097 1090 2178 graviora

153 2197 186 2254 et
199 2194 408 2257 eminentiora
424 2214 494 2275 quae
510 2195 606 2256 habet
620 2195 784 2273 episcopus
799 2193 831 2253 in
844 2191 989 2269 dioecesi,
1018 2207 1088 2271 quae

153 2291 189 2348 ut
212 2288 411 2349 transfundat
433 2288 550 2350 vicario
575 2287 734 2367 generali,
760 2285 895 2366 speciale
920 2284 1090 2364 requiritur

153 2381 342 2443 mandatum
359 2402 365 2443 :

196 2473 285 2545 Quod
300 2475 344 2536 sic
362 2475 542 2553 sustinetur,
558 2478 592 2535 ut
606 2471 727 2534 etiamsi
744 2469 909 2549 episcopus
930 2469 961 2529 in
980 2469 1091 2531 litteris

156 2567 384 2630 constitutionis
399 2569 446 2630 sui
467 2566 576 2629 vicen'i
598 2567 787 2647 protestatus
803 2563 842 2624 sit
860 2562 904 2622 illi
924 2562 1090 2622 mandasse

158 2677 267 2721 omnes
286 2661 356 2724 illas
369 2662 534 2723 facultates
549 2678 619 2740 quae
631 2657 816 2718 mandatum
836 2653 971 2734 speciale
985 2652 1090 2732 requi-

156 2757 245 2830 runt,
267 2755 404 2815 subhac
425 2759 531 2816 tamen
549 2751 690 2814 clausula
713 2769 775 2810 non
798 2746 1014 2827 intelliguntur
1028 2745 1086 2806 nisi

157 2844 217 2906 illm
227 2848 392 2909 facultates
403 2866 472 2929 quae
483 2850 555 2907 sunt
567 2844 704 2925 aequales
713 2844 763 2904 vel
773 2842 909 2903 minores
920 2838 1083 2920 expressis,

157 2957 320 3019 nunquam
335 2946 440 3003 autem
455 2958 525 3021 quae
542 2937 689 3019 majores.
707 2936 793 2996 ldem
810 2933 988 2996 verificatur
1004 2931 1087 3010 prin·

156 3031 293 3111 cipium,
310 3039 345 3097 ut
359 3033 501 3114 superius
516 3031 634 3092 dictum
649 3032 710 3105 est,
733 3027 764 3087 in
780 3027 882 3088 officio
894 3023 989 3104 legati
1007 3045 1014 3084 :
1031 3023 1089 3083 sub

156 3127 296 3204 generali
317 3128 466 3188 mandato
481 3143 544 3185 non
558 3123 688 3185 veniunt
702 3121 756 3181 illa
770 3139 839 3199 qum
861 3115 988 3196 speciali
1009 3114 1091 3175 indi-

156 3223 233 3297 gent
248 3221 417 3283 mentione.

197 3319 229 3378 5⁰
251 3319 317 3377 Hoc
341 3303 479 3376 osticium
504 3331 567 3373 uon
590 3313 637 3372 est
652 3310 855 3387 perpetuum,
884 3303 940 3364 sed
965 3301 1092 3364 omnino

157 3413 408 3489 temporaneum,
424 3408 464 3468 ad
481 3403 631 3485 placitum
646 3398 801 3479 episcopi,
823 3396 876 3477 qui
889 3397 978 3458 sicuti
992 3397 1095 3475 potest

157 3502 316 3566 ricarium,
326 3501 452 3583 eligere,
467 3500 517 3561 vel
532 3515 605 3574 non,
621 3511 719 3556 unum
733 3491 784 3553 vel
796 3489 912 3572 plures,
928 3489 972 3551 ita
987 3490 1090 3568 potest

957 3594 1003 3652 13*
