2514 4014
334 277 442 326 tomos
463 277 615 326 sanamus
635 277 719 326 rums
740 275 894 324 caucasea
1039 265 1075 324 Π

140 422 283 486 ministri
298 439 453 502 supremae
475 421 687 498 auctoritatis,
703 419 760 481 sad
777 423 929 501 tanquam
944 419 1077 482 ministri

142 514 274 591 Christi,
291 515 344 594 qui
360 533 418 595 pcr
440 514 597 578 Christum
619 531 751 594 nempe,
768 530 831 574 non
852 531 909 593 par
920 512 1075 590 homines,

142 607 305 688 legatione
320 609 411 670 eraut
424 607 573 687 insigniti.

183 699 309 778 Duplex
332 717 409 778 ergo
434 718 454 760 a
477 699 598 762 Christo
624 699 683 760 fuit
706 698 864 760 institutus
883 699 1077 762 auctoritatis

144 791 284 872 gradus:
307 791 442 871 primus,
469 810 633 871 supremus
654 794 685 853 et
698 790 923 871 independens,
939 793 1032 854 Petro
1047 793 1078 853 ct

142 884 342 946 universitati
358 884 573 964 apostolorum
586 884 732 960 collatus;
748 884 903 945 secundus
917 901 992 946 vero
1004 901 1078 964 pro-

141 976 233 1056 prius
259 977 455 1056 singulorum
480 977 709 1059 apostolorum,
734 975 888 1039 obnoxius
913 975 1009 1058 priori
1037 977 1077 1040 ab

141 1070 279 1150 ipsoque
290 1068 482 1150 dependens.

182 1163 235 1224 vl.
260 1163 334 1224 Haec
358 1161 460 1223 forma
478 1161 639 1241 regiminis
663 1180 683 1223 a
707 1160 828 1224 Christo
853 1161 990 1226 stabilita
1015 1181 1077 1226 non

140 1254 203 1317 fuit
214 1254 369 1333 precaria,
382 1255 438 1315 sed
450 1258 614 1334 perpetua.
632 1257 698 1316 Hoc
710 1254 794 1316 enim
810 1254 938 1316 suadet:

184 1349 219 1408 1⁰
237 1349 358 1408 Natura
377 1347 533 1410 societatis
553 1365 623 1427 quae
642 1350 709 1408 tota
727 1347 843 1426 pendet
859 1365 880 1408 a
894 1347 1029 1427 positiva
1047 1353 1080 1412 at

143 1442 293 1502 concreta
300 1439 504 1517 institutione,
518 1439 618 1521 qualis
626 1439 765 1514 Ecclesia
776 1443 832 1503 est.
847 1441 986 1504 Christus
994 1441 1078 1503 enim

142 1550 209 1594 non
222 1531 358 1595 instituit
373 1532 547 1594 Ecclesiam
563 1531 595 1592 in
608 1532 776 1609 abstracto,
793 1532 849 1595 sad
867 1533 900 1593 in
917 1536 1075 1596 concreto.

142 1625 235 1688 Unda
248 1624 362 1685 modus
377 1625 500 1686 essendi
515 1624 703 1703 itapositiva
720 1624 916 1686 institutione
933 1625 1078 1688 determi-

142 1719 239 1779 natur
254 1719 290 1778 ut
303 1716 344 1777 sit
362 1716 436 1778 huic
457 1716 597 1780 societati
613 1717 807 1790 necessaria;
832 1715 916 1778 unde
936 1716 962 1778 si
978 1717 1079 1780 forma

142 1807 318 1871 essentialis
331 1809 433 1888 periit,
445 1809 514 1890 ipsa
524 1809 636 1872 Christi
651 1808 791 1871 Ecclesia
804 1808 916 1888 periit:

185 1901 285 1963 Aliter
303 1901 417 1963 accidit
431 1901 464 1962 in
478 1901 560 1964 civili
576 1904 668 1979 statu,
688 1901 844 1983 siquidem
862 1906 975 1964 natura
989 1902 1078 1964 civile

141 1991 338 2056 consortium
355 1993 591 2055 hominumnon
604 1993 794 2056 determinat
806 1994 838 2056 iu
850 1998 1008 2073 concreto,
1023 1995 1079 2057 scd

140 2086 176 2146 in
191 2085 349 2147 abstraeto
367 2088 501 2164 tantum,
518 2104 574 2147 seu
590 2086 666 2149 ordo
682 2087 805 2150 socialis
821 2091 994 2168 spontanee
1013 2105 1079 2150 ma·

140 2178 240 2239 vebat
258 2177 401 2240 homines
423 2178 456 2238 in
478 2181 595 2240 statum
617 2172 756 2254 civilem;
784 2181 840 2240 sed
862 2198 1024 2261 nunquam
1047 2180 1079 2241 iu

140 2272 290 2331 concreto
304 2268 527 2334 determinatus
541 2275 589 2333 est
602 2271 654 2332 ille
672 2275 781 2334 status.
798 2273 887 2335 Unde
902 2273 1015 2334 modus
1030 2292 1079 2336 es·

141 2360 232 2422 sendi
248 2360 427 2441 hujusmodi
441 2366 551 2440 status,
567 2363 681 2425 limites
695 2365 843 2427 territorii
857 2368 889 2427 et
898 2366 1000 2428 forma
1010 2365 1077 2447 ejus

142 2452 302 2514 habentur
315 2455 585 2535 tanquamlormae
601 2456 822 2534 accidentales,
838 2458 923 2519 modi
934 2458 1075 2520 acciden-

142 2545 222 2608 tales
244 2546 391 2608 actuandi
416 2548 466 2607 vel
495 2549 706 2628 congregandi
727 2549 909 2612 societatem
932 2550 1017 2612 illam
1043 2551 1075 2612 in

143 2635 313 2714 abstracto,
322 2657 377 2698 seu
391 2639 600 2703 determinant
608 2641 641 2702 in
649 2645 794 2704 concreto
809 2642 991 2705 societatem
1006 2661 1076 2723 quae

144 2731 238 2791 autea
252 2729 393 2792 instituta
413 2731 470 2794 init
484 2733 517 2792 in
536 2733 704 2796 abstracto.
729 2737 900 2813 Propterea
918 2736 1077 2798 veteribus

144 2817 246 2882 modis
260 2821 447 2884 abeuntibus
461 2828 492 2887 et
508 2825 598 2887 novis
613 2826 834 2888 accedentibus
854 2845 916 2888 non
930 2828 1013 2908 perit
1027 2847 1077 2890 so·

144 2913 241 2974 cietus
252 2913 362 2992 civilis,
375 2917 449 2995 quia
462 2918 575 2979 modus
590 2937 653 2979 non
664 2923 711 2980 est
723 2919 766 2980 illi
779 2920 962 2982 essentialis.

185 3006 305 3069 Suadet
316 3010 347 3068 2⁰
356 3007 449 3088 hujus
463 3009 870 3091 regiminispcrpetuitatem
880 3013 1075 3075 mensilhris-

143 3096 178 3175 ti,
196 3097 251 3178 qui
267 3117 325 3178 per
345 3118 416 3161 eam
433 3103 531 3164 veluit
550 3104 711 3164 consulere
734 3122 797 3165 non
812 3104 904 3165 unius
925 3105 1075 3183 temporis

144 3191 304 3269 Ecclesiae,
321 3193 378 3254 sed
393 3196 424 3255 et
439 3195 593 3257 universae
608 3196 748 3258 societati
772 3215 867 3277 quam
879 3196 1072 3278 instituebat,

141 3285 171 3345 et
186 3301 258 3363 quea
275 3284 316 3345 ad
342 3286 438 3348 finem
459 3306 557 3368 usque
576 3288 685 3351 mundi
708 3289 859 3351 duratura
882 3293 959 3352 erat.
984 3293 1073 3356 Unde

141 3393 210 3456 qua·
226 3375 267 3437 ad
282 3377 473 3457 primitivam
487 3380 659 3442 Ecclesiam
672 3386 862 3461 spectarunt,
877 3383 945 3446 haeo
955 3384 996 3445 ad
1006 3403 1073 3446 om-

140 3467 227 3530 nium
239 3471 419 3552 temporum
431 3473 602 3538 Ecclesiam
618 3474 828 3561 pertinebant.
848 3476 967 3539 liudem
990 3475 1074 3540 enim
