2514 4014
186 319 226 382 30
394 331 623 380 rxsrrrurronns
644 332 727 378 runrs
749 331 904 378 cruorum.

187 480 271 540 huno
285 477 428 540 ordinem
446 476 662 538 invariabilem
676 477 718 537 ad
731 476 838 552 fidem,
854 478 899 551 ut,
920 475 957 535 iis
975 473 1120 551 mutatis

186 570 265 632 fides
287 570 420 648 amplius
442 569 572 647 exprimi
592 587 654 630 non
678 569 799 644 valeat3
821 569 876 628 sed
900 567 1014 646 potius,
1038 568 1124 630 siout
1241 647 1242 668 ἢ

186 665 260 724 sunt
270 663 375 742 plures
388 680 481 723 voees
494 679 564 741 quae
577 661 762 722 ordinantur
774 662 815 721 ad
827 661 973 722 eumdem
986 678 1122 739 concep-

185 759 254 816 tum
265 755 378 817 mentis
394 753 647 833 exprimendum,
671 754 764 814 modo
789 771 875 830 unae,
897 754 991 814 modo
1011 753 1122 814 alterae

186 848 248 909 sint
273 848 410 926 aptiores
437 851 468 908 et
493 851 688 926 opportunae,
711 846 755 908 ita
779 847 871 924 plura
889 846 987 922 facta,
1012 847 1122 923 plures

185 956 298 1020 praxea
312 941 343 1000 in
356 939 497 1000 Ecclesia
510 957 617 1018 --pro
639 943 827 1018 temporum,
848 939 1000 1015 locorum,
1022 943 1120 1018 atque

185 1049 391 1112 personarum
406 1032 779 1110 varietate-possunt-
786 1032 881 1094 modo
896 1031 1007 1109 magis,
1021 1031 1119 1094 modo

185 1126 288 1186 minus
304 1125 560 1203 opportune-ad
574 1125 659 1184 idem
675 1125 791 1203 dogma
806 1125 1046 1204 significandum
1060 1143 1121 1202 ap-

184 1219 255 1282 tari.
273 1220 310 1280 V.
326 1237 356 1296 g.
371 1218 472 1277 clerus
483 1217 535 1296 jus
544 1217 645 1279 debet
659 1218 776 1278 habere
789 1218 830 1278 ad
844 1217 983 1278 subsidia
997 1221 1120 1295 tempo-

186 1311 273 1372 ralia.
287 1310 395 1370 Plures
411 1313 517 1370 autem
532 1309 563 1369 in
578 1311 666 1388 praxi
682 1329 748 1370 essa
763 1314 894 1388 possunt
905 1309 989 1371 modi
1004 1310 1119 1389 quihus

185 1402 246 1464 hoc
261 1403 377 1481 dogma
387 1402 598 1479 exprimetur:
614 1403 715 1463 clarus
733 1403 816 1464 enim
828 1405 931 1482 potest
945 1401 1120 1464 immobilia

185 1497 269 1557 hona
282 1495 453 1574 possidere,
469 1495 520 1555 vel
541 1495 625 1556 dona
644 1496 794 1574 recipere,
814 1495 968 1574 siquidem
987 1495 1047 1556 hoo
1065 1496 1118 1556 vol

185 1589 262 1649 illud
276 1587 321 1648 rei
337 1587 555 1649 ecclesiastica
564 1588 670 1648 utilius
681 1589 814 1649 evadere
829 1591 945 1667 potest;
958 1591 1030 1649 sunt
1040 1605 1116 1666 ergo

153 1735 155 1739 .
186 1681 247 1742 duo
262 1682 345 1743 facta
359 1698 429 1760 quae
445 1699 478 1744 se
493 1681 632 1742 referunt
646 1681 686 1741 ad
699 1680 842 1741 eamdem
858 1679 1033 1742 veritatem.

224 1775 374 1849 Christus,
391 1791 418 1833 e.
435 1793 479 1851 g.‚
498 1774 677 1835 adorandus
692 1777 739 1834 est
757 1776 907 1852 tanquam
926 1789 1063 1852 praesens
1083 1773 1116 1832 in

184 1865 394 1937 Eucharistia3
410 1865 525 1943 dogma
543 1869 590 1926 est
609 1866 750 1927 adoratio
773 1849 879 1926 dehit'a
897 1864 1112 1927 Eucharistiae.

184 1957 283 2017 Hodie
293 1957 370 2017 illud
380 1957 564 2036 profitemur
573 1957 711 2018 maxima
719 1958 947 2036 genuflexione,
960 1957 1116 2036 siquidem

183 2067 252 2110 mos
270 2053 317 2111 est
330 2050 414 2127 apud
430 2067 487 2110 uos
504 2049 564 2112 hoo
579 2050 641 2112 ritu
655 2051 826 2112 maximum
839 2051 1029 2112 adorationis
1049 2050 1116 2111 cul—

182 2145 249 2202 tum
265 2142 449 2220 exprimere.
465 2143 574 2204 Ponite
586 2161 690 2204 mores
703 2143 873 2219 immutari,
892 2146 923 2204 et
941 2143 1002 2204 alio
1019 2144 1114 2204 modo

183 2235 313 2312 exprimi
325 2235 453 2312 cultum,
463 2239 539 2296 tunc
549 2235 713 2313 disciplina
722 2235 950 2314 genuflectendi
961 2236 1115 2298 varianda

183 2329 239 2387 est.
258 2326 289 2388 Si
305 2325 400 2404 igitur
412 2327 444 2388 in
458 2327 564 2407 aliqua
577 2328 717 2404 natione,
739 2329 867 2390 mutatis
884 2329 1041 2406 moribus,
1058 2349 1114 2408 ge-

181 2419 316 2479 nuflexio
345 2423 558 2498 contemptum
586 2419 785 2499 signiticaret,
809 2421 984 2500 gondilexio
1006 2422 1113 2500 prohi-

180 2511 285 2574 benda
299 2515 390 2572 esset.

220 2605 268 2665 Ita
281 2603 396 2664 scimus
414 2603 591 2666 christiana
611 2605 809 2684 perfectionis
825 2623 920 2666 causa
939 2607 1113 2685 primitivas

180 2697 315 2758 asseclas
330 2696 510 2776 religiosam
527 2697 625 2758 vitam
639 2697 671 2757 in
686 2717 791 2759 eremo
814 2698 948 2760 duxisse.
968 2699 1039 2762 Vita
1059 2701 1114 2762 illa

181 2788 341 2850 eremitica
362 2789 557 2867 exprimebat
577 2795 764 2869 conceptum
788 2791 965 2852 christianae
991 2793 1113 2870 perfec-

180 2881 283 2943 tionis.
300 2882 509 2961 Sequentibus
523 2883 645 2944 saeculis
658 2883 726 2944 haec
738 2884 803 2945 vita
812 2883 844 2944 in
856 2885 995 2946 Ecclesia
1005 2905 1042 2945 ex
1052 2905 1110 2948 usu

180 2975 324 3036 decessit.

219 3068 308 3131 Unde
324 3068 465 3148 sequitur
477 3067 674 3146 disciplinam
684 3069 925 3131 ecclesiasticam
937 3069 1014 3130 nihil
1025 3070 1111 3132 aliud

180 3180 247 3221 esse
267 3161 327 3221 oiri
349 3169 473 3241 spatario
497 3160 683 3223 variabiliter
709 3161 856 3241 sactorum
879 3162 920 3224 od
939 3163 1112 3224 invariabile

178 3260 304 3333 oysteino
328 3253 495 3333 doqmotam
520 3253 667 3334 aptissime
687 3253 864 3316 ordinatum.
892 3255 981 3328 Quod
1007 3254 1110 3333 ipsum

180 3347 296 3424 dogma
309 3347 354 3406 sic
368 3345 585 3426 accipiendum
597 3347 647 3422 sit,
661 3347 748 3426 quasi
758 3347 853 3409 totius
866 3347 996 3428 hujusce
1006 3349 1110 3410 varia-

178 3439 248 3499 bilis
264 3439 434 3517 discipliuae
449 3443 592 3500 centrum
606 3439 797 3500 luminosum
809 3441 987 3504 constituat.

219 3533 416 3611 Quapropter
434 3531 598 3609 disciplina
614 3548 677 3592 non
694 3532 836 3609 procedit
854 3551 891 3592 ax
908 3533 1032 3595 criterio
1052 3535 1109 3596 ab·
