2484 4016
346 315 385 363 ns
407 317 536 366 ansero
556 317 640 366 rnnrs
662 317 817 366 ennonrcn
991 305 1044 366 tlt

27 545 28 548 Ἴ
156 463 236 524 't‘ote
250 460 347 542 igitur
364 462 509 524 tractatio
524 461 687 524 reducitur
710 463 748 524 ad
765 462 985 543 investiganda
1003 463 1052 526 in-

27 549 28 554 ’
119 555 225 617 stituta
251 574 322 634 quae
347 555 437 616 varia
451 574 508 634 pro
528 556 623 616 variis
644 560 822 636 temporum
837 557 992 638 adjunctis
1018 555 1050 617 in

119 648 257 710 Ecclesia
272 648 387 710 Christi
406 649 539 710 lundata
553 653 640 726 sunl,
662 654 698 712 ut
716 649 860 728 spiritum
874 650 1051 712 christianae

118 743 316 821 perfectionis
336 743 443 803 fovere
462 746 492 803 et
513 742 646 821 adipisci
665 743 774 804 fideles
791 749 1049 821 provocarentur.

116 869 155 880 -
168 838 236 896 Hoc
251 839 286 896 ut
305 835 484 896 ordinatum
503 839 707 913 praestemus,
731 837 952 898 tractationem
970 836 1053 897 hanc

117 927 487 1008 historico-juridicamin
501 928 579 989 duas
593 929 730 1007 epochas
744 929 933 1007 principales
945 929 1053 990 distin-

117 1037 261 1100 guemus
279 1039 413 1100 quarum
425 1020 527 1099 prima
538 1022 578 1082 ab
593 1021 733 1082 Ecclesia
745 1022 872 1083 condita
892 1022 933 1083 ad
944 1022 1053 1083 Decia-

118 1133 190 1174 nam
205 1115 457 1192 persecutionem
476 1114 590 1188 currit3
607 1114 707 1183 altera
722 1133 743 1175 a
757 1115 894 1176 Deciana
907 1133 1053 1195 parsecu-

117 1208 201 1268 tione
216 1207 338 1268 aduae.

429 1370 595 1416 sericatus
617 1371 737 1416 PRIMUS.

175 1511 221 1574 De
234 1511 381 1593 crispioris
389 1512 579 1594 perfectioris
590 1513 660 1576 citoe
674 1513 818 1574 institutis
831 1520 899 1574 octe
908 1512 995 1575 Decii

457 1607 698 1687 persecutionem.

154 1767 193 1828 ll.
218 1766 293 1826 llaec
309 1763 430 1844 epocha
444 1766 547 1845 potius
561 1767 710 1847 negativa
723 1785 818 1847 quam
833 1766 967 1846 positiva
980 1785 1047 1829 sese

22 1891 23 1900 ι
116 1860 243 1922 exhibet
263 1857 323 1920 hac
337 1859 369 1920 in
383 1878 432 1933 re3
448 1861 623 1938 generatim
636 1861 794 1940 loquendo
810 1879 873 1922 non
895 1865 1049 1940 apparent

116 1952 325 2015 determinata
346 1952 475 2014 vivendi
488 1953 647 2030 instituta,
664 1955 782 2034 regulae
804 1953 956 2033 speciales
971 1972 1049 2034 quas

114 2044 275 2108 christiani
288 2047 509 2126 profiterentur
522 2047 555 2108 in
568 2047 677 2108 ordine
694 2047 736 2108 ad
751 2047 967 2127 evangelicam
979 2048 1049 2126 pe'r-

21 2149 22 2154 ’
115 2139 299 2212 tectionem3
321 2140 377 2200 aad
392 2141 539 2219 generale
561 2145 629 2202 erat
643 2141 728 2220 apud
750 2140 926 2219 primitivos
953 2140 1049 2202 chris-

114 2233 216 2296 tianos
230 2231 432 2312 perfectiouis
464 2234 623 2310 studium,
647 2234 758 2313 ingens
783 2234 889 2296 fervor
912 2233 1050 2296 caritatis

115 2346 184 2408 que
200 2326 351 2406 perfectio
369 2326 448 2406 legis
467 2331 524 2388 est.
547 2327 610 2389 Sed
631 2327 774 2388 instituta
792 2326 939 2407 quaedam
958 2345 1050 2406 regu·

115 2421 196 2482 laria
218 2437 421 2499 promovere,
447 2420 574 2498 lovere,
591 2422 757 2499 perlicere,
779 2437 837 2480 nac
862 2419 922 2480 illis
937 2419 1050 2498 peruni-

101 2513 206 2574 .sisset
223 2513 272 2573 ira
286 2513 522 2592 persecutionis,
531 2531 589 2574 nea
602 2512 748 2574 Ecclesiae
763 2512 880 2574 utilitas
893 2516 924 2575 et
935 2530 1050 2591 oppor-

115 2607 233 2668 tunitas
248 2605 411 2685 exegisset.
493 2653 496 2658 .

155 2703 225 2760 Non
240 2698 368 2778 quidem
383 2699 451 2760 haec
462 2699 538 2778 ipsis
553 2699 747 2778 permisisset
761 2701 892 2760 cruenta
905 2717 1049 2778 persecu·
1096 2715 1105 2729 ·

115 2793 157 2855 tio
174 2811 247 2872 quae
259 2792 291 2850 in
305 2809 359 2853 eos
373 2791 533 2870 saeviebat,
544 2791 699 2872 siquidem
714 2792 792 2852 nihil
802 2793 887 2871 quod
897 2792 937 2853 ad
949 2791 1047 2853 chris-

113 2887 192 2948 tiani
207 2885 334 2964 spiritus
343 2886 497 2946 culturam
506 2886 715 2963 conduxisset,
724 2885 1047 2964 permisissetgladius

114 2979 166 3040 ille
181 2977 235 3060 qui
260 2997 318 3039 neo
337 2977 434 3039 vitam
448 2979 575 3039 volebat
597 2977 783 3040 christiania.
817 2981 880 3040 Nec
904 2977 1049 3039 Ecclesiae

115 3073 249 3146 utilitas;
267 3072 422 3152 siquidem
438 3089 501 3133 non
516 3075 583 3134 erat
597 3071 673 3133 illud
685 3075 809 3151 tempus
823 3071 936 3151 quietis
949 3075 981 3131 et
996 3070 1050 3132 otii

116 3165 303 3242 monastici,
328 3165 385 3226 sed
404 3169 528 3245 tempus
543 3183 658 3245 pugnae
681 3185 743 3245 quo
769 3163 945 3226 christianis
968 3183 1051 3225 mar-

115 3259 238 3339 tyribus
253 3259 478 3320 decertandum
499 3258 580 3320 ieret
601 3262 634 3321 ut
655 3259 770 3321 Christi
790 3259 886 3319 fidem
904 3257 937 3318 in
958 3257 1050 3320 terris

42 3396 44 3402 -
117 3353 303 3415 stabilirent.
320 3353 403 3431 Ergo
418 3355 596 3431 temporum
611 3351 853 3414 circumstantia
868 3352 946 3412 tales
961 3353 1052 3412 erant

119 3464 188 3527 quae
196 3464 261 3507 non
273 3444 450 3507 invitabant
460 3445 644 3508 christianos
657 3445 689 3506 in
701 3444 884 3507 solitudines
895 3447 930 3507 ut
939 3461 1052 3525 seque-

118 3543 227 3610 rentur
238 3538 382 3624 proprias
391 3539 590 3604 ascensiones
600 3539 715 3606 mentis
729 3557 805 3624 erga
815 3541 914 3602 Deum
927 3558 935 3618 ς
950 3538 1006 3603 aad
1015 3541 1051 3609 ut
