2484 4016
189 279 251 342 280.
399 287 628 338 tusrrrurrouus
648 290 731 338 rums
753 287 906 338 cnuourer.

232 438 294 502 Sed
306 437 469 500 monachis
482 436 758 514 Bethlehemitiois,
777 437 822 498 uti
834 438 929 500 refert
940 433 1116 512 Cassianus,

191 533 283 596 nimis
295 532 425 610 longum
436 530 539 591 visum
555 534 601 592 est
615 534 738 610 tempus
754 531 838 611 quod
851 533 921 609 post
932 529 1041 592 laudes
1052 549 1119 610 per·

192 625 308 688 solutas
321 625 488 685 decurrere
500 624 629 686 deberet
640 644 739 704 usque
751 625 791 684 ad
805 624 931 685 tertiam
943 625 1120 702 persolven-

192 719 277 794 dam,
301 717 376 797 quin
398 735 507 796 preces
527 720 754 778 renovarentur
779 717 863 796 apud
885 717 1063 778 Dominum.
1082 719 1121 778 Ut

193 830 268 892 ergo
291 810 462 871 evitaretur
478 827 516 870 ne
538 808 684 870 monaehi
701 828 757 888 per
771 808 950 890 hujusmodi
973 809 1121 870 interme-

193 905 280 965 dium
302 907 437 982 tempus,
464 902 553 964 otiosi
576 908 607 961 et
632 901 831 963 somniculosi
858 901 889 962 iu
912 902 1030 963 cellulis
1059 902 1121 967 suis

193 997 391 1078 pigritarent,
403 996 604 1058 instituerunt
611 998 646 1056 ut
654 994 793 1055 etiamad
804 995 877 1056 solis
884 999 997 1072 crtum,
1008 1013 1121 1074 nempe

194 1090 393 1170 horaprimo,
418 1088 588 1150 iterumad
612 1088 721 1148 laudes
745 1089 877 1150 Domino
900 1088 1122 1167 persolvendas

195 1182 407 1244 convenirent.

234 1280 368 1338 Demum
378 1276 496 1356 placuit
510 1281 618 1338 sancto
632 1277 801 1340 Benedicta
814 1276 1000 1355 patriarche
1015 1293 1123 1336 mona-

196 1372 327 1433 chorum
353 1369 592 1432 occidentalium
617 1374 647 1432 et
669 1369 786 1450 aliquid,
809 1370 847 1430 de
866 1389 922 1430 suo
948 1368 1018 1429 huic
1044 1385 1123 1446 pra-

197 1463 290 1526 caudi
314 1462 462 1524 methodo
485 1463 631 1543 adjicere.
649 1465 754 1525 Voluit
766 1467 800 1524 ut
820 1462 967 1524 monachi
982 1461 1042 1538 sui,
1064 1460 1124 1521 dici

198 1557 345 1637 operibus
360 1555 537 1635 persolutio,
550 1557 590 1616 ad
606 1557 678 1618 solis
696 1575 842 1617 occasum
852 1557 965 1616 iterum
978 1552 1124 1616 conveni-

197 1654 268 1712 rent
282 1653 313 1710 et
325 1649 571 1728 diurnaspreces
579 1650 812 1730 quodammodo
823 1649 1025 1727 complereut;
1042 1647 1124 1708 unde

198 1743 309 1806 ultima
329 1742 471 1804 instituta
489 1746 537 1804 est
559 1743 638 1804 hora
651 1759 721 1822 quae
735 1742 819 1803 dicta
832 1745 879 1803 est
894 1741 1121 1822 completoriam.

200 1837 263 1898 Sed
277 1836 345 1896 haec
359 1853 422 1896 non
437 1839 527 1896 erant
538 1837 598 1897 nisi
607 1836 749 1897 instituta
758 1834 942 1912 monastica,
966 1853 1036 1914 quae
1047 1833 1125 1913 pris·

197 1929 271 1990 tinae
283 1929 445 2007 praecandi
458 1932 489 1990 et
500 1929 652 2007 psallendi
675 1929 824 1990 methodo
850 1928 999 1991 orationis
1022 1925 1124 1988 studio

197 2021 246 2084 cui
257 2024 347 2082 erant
361 2021 476 2082 addicti
490 2022 666 2100 coenobita,
679 2021 807 2101 propria
819 2021 1019 2082 videbantur.

169 2115 176 2128 '
235 2117 288 2177 lv.
304 2117 382 2176 Cum
396 2133 471 2175 vero
485 2115 590 2193 plures
606 2135 645 2175 ex
664 2114 827 2176 monachis
842 2115 993 2194 assumpti
1013 2113 1077 2175 siut
1094 2115 1125 2174 in

197 2209 326 2282 clerum,
343 2206 406 2267 imo
421 2207 461 2268 ad
477 2208 692 2288 episcopatum
707 2208 853 2288 promoti,
873 2211 1036 2287 coeperunt
1055 2226 1126 2288 prc-

197 2301 314 2362 ducere
329 2299 369 2360 ad
386 2300 516 2361 clericos
529 2303 695 2362 saeculares
719 2305 750 2363 et
762 2302 794 2362 in
818 2301 881 2363 suis
894 2301 1125 2363 cathedralibus

198 2392 335 2456 ecclesiis
355 2392 516 2454 inst'tuere
536 2395 621 2473 quod
649 2395 681 2454 in
706 2394 896 2456 monasterio
922 2393 1123 2466 didicissent;

197 2488 260 2550 imo
283 2490 314 2548 et
336 2487 511 2548 monastica
536 2486 677 2549 instituta
701 2488 779 2548 adeo
805 2488 991 2566 placuerunt
1005 2487 1124 2549 clericis

197 2581 400 2643 sacularibus
419 2584 471 2657 ut,
498 2581 611 2642 saeculo
634 2580 765 2661 quinto,
786 2581 852 2641 fere
867 2581 1004 2643 universi
1020 2580 1125 2642 clerici

199 2691 398 2736 communem
410 2672 507 2735 vitam
519 2674 747 2735 monachorum
761 2674 896 2752 amplexi
908 2675 980 2751 sint,
993 2693 1048 2735 seu
1063 2675 1126 2736 vita

199 2766 399 2843 canonicalia,
423 2766 587 2846 regularis,
610 2767 799 2846 generaliter
819 2786 839 2828 a
861 2765 981 2828 clericis
1001 2771 1126 2847 recepta

198 2859 301 2922 fuerit.

237 2954 314 3014 lude
336 2952 379 3013 nil
400 2952 521 3014 facilius
542 2953 723 3032 contingere
748 2952 849 3031 potuit
870 2972 965 3033 quam
982 2953 1060 3014 ordo
1078 2953 1126 3013 hic

199 3046 405 3110 distribuendi
427 3045 567 3107 divinum
591 3045 729 3107 officium
751 3045 895 3124 primitus
920 3065 940 3107 a
966 3045 1126 3108 monacbis

199 3140 395 3203 introductus
408 3158 428 3201 a
440 3139 560 3201 clericis
575 3139 719 3200 omnibus
734 3139 936 3217 reciperetur.

240 3233 303 3295 Sed
315 3239 383 3294 erat
395 3233 491 3294 divini
503 3231 594 3294 officii
603 3231 772 3310 persolutio
788 3251 838 3293 res
850 3233 977 3311 publica
986 3233 1019 3293 in
1032 3232 1126 3295 eccle-

200 3324 263 3402 siis,
271 3329 303 3388 et
310 3325 517 3387 communiter
527 3324 673 3386 aelericis
684 3325 776 3386 simul
789 3325 948 3386 associatis
960 3327 1122 3405 explenda.

206 3479 208 3482 .
239 3419 314 3478 Erat
332 3436 446 3495 nempe
468 3436 541 3495 pars
558 3418 704 3497 quaedam
718 3417 800 3478 illius
812 3417 974 3481 ministerii
990 3419 1077 3498 quod
1090 3437 1126 3480 ex

200 3507 395 3568 ordinatione
426 3526 483 3568 sua
504 3509 708 3588 sortiebatur,
729 3511 855 3590 quaudo
876 3511 968 3586 unius
988 3511 1124 3576 ecclesie
