2484 4016
135 253 195 316 2⁰8
354 265 584 316 rusrrrrrrouus
603 266 686 315 suus
707 264 862 316 cusorrcr.

176 413 210 474 2⁰
231 412 287 474 lus
310 410 483 474 advocatiae
505 428 569 474 non
588 413 636 474 cst
645 409 822 491 jurisdictio
841 405 1069 484 ecclesiastica,

135 503 290 584 siquidem
303 504 364 566 ista
374 523 447 566 cum
461 504 606 566 omnihus
626 503 774 566 Ecclesia
792 501 916 583 juribus
930 500 1071 579 supponi

137 598 232 660 debet
252 601 286 660 ut
307 598 406 677 possit
426 598 459 660 in
482 617 538 660 suo
558 597 705 660 exercitio
719 596 818 670 tueri;
835 595 891 657 sed
904 594 1009 673 potius
1023 596 1075 659 est

135 692 251 754 functio
278 691 424 771 quaedam
445 691 543 753 civilis
567 691 751 753 coordinata
783 689 825 752 ad
851 686 1073 752 defensionem

132 785 362 866 jurisdictionis
383 785 612 863 ecclesiasticae,
636 803 697 864 quo
714 786 835 863 spectat
861 799 977 846 nomen
990 781 1074 844 illud

136 879 374 960 quoeliquando
382 879 499 960 hocjus
509 879 660 958 appellari
669 879 758 955 solet,
767 875 917 938 brachium
925 875 1070 952 seculare,

135 972 253 1034 scilicet
276 975 311 1034 ut
331 972 486 1051 exprimat
502 991 689 1034 concurrere
708 975 858 1052 tanquam
879 969 1070 1033 instrumen-

135 1069 203 1126 tum
217 1065 302 1145 quod
315 1066 355 1126 ab
371 1065 583 1128 ecclesiastica
598 1065 783 1128 auctoritate
798 1068 949 1143 tanquam
964 1062 1070 1141 capite

135 1158 298 1238 dirigatur.
326 1161 428 1231 Quare
450 1159 510 1240 hoc
521 1159 574 1240 jus
595 1158 767 1220 Ecclesiam
786 1176 849 1220 non
864 1156 1066 1233 determinat,

135 1251 191 1312 sed
213 1252 253 1313 ab
268 1252 408 1314 Ecclesia
420 1252 665 1315 determinatur:
682 1253 854 1315 Ecclesiam
868 1269 931 1312 non
946 1249 1066 1328 dirigit,

134 1345 191 1406 sed
200 1346 356 1408 subservit
362 1346 525 1422 Ecclesiae3
541 1350 573 1408 et
586 1346 728 1426 apprime
741 1344 927 1408 Fenelonius
942 1343 1067 1406 archie-

133 1439 279 1518 piscopus
300 1439 545 1516 Cameracensis,
564 1440 597 1500 in
614 1440 755 1502 oratione
770 1439 878 1502 hahita
899 1439 932 1498 in
953 1455 1066 1499 conse·

135 1532 274 1594 eratione
298 1533 441 1594 electoris
454 1533 663 1611 Coloniensis,
687 1536 850 1612 comparat
871 1531 1063 1612 principem,

135 1629 287 1706 tanquam
307 1626 496 1688 advocatum
528 1626 686 1704 Ecclesia,
721 1626 811 1688 militi
842 1625 896 1705 qui
917 1622 1067 1685 excubias

135 1718 201 1798 agit
213 1723 302 1782 extra
314 1723 438 1798 portam
451 1719 571 1798 templi,
586 1724 678 1782 cavet
689 1739 728 1780 ue
742 1719 948 1799 ingrediatur,
962 1721 1021 1778 etc.

175 1814 206 1873 3⁰
220 1812 323 1876 Posito
339 1813 424 1892 quod
436 1812 496 1874 hoc
509 1813 682 1876 advocatiae
694 1813 746 1894 jus
760 1813 838 1874 nihil
853 1811 938 1874 aliud
952 1807 1066 1872 sitnisi

136 1905 339 1966 coordinandi
352 1906 457 1967 media
471 1906 576 1970 civilia
594 1911 626 1968 et
648 1907 834 1987 temporalia
855 1906 897 1968 ad
910 1903 1067 1966 defensio-

136 2017 207 2059 nem
218 1995 443 2078 jurisdictionis
458 1999 687 2078 ecclesiastiea,
695 2000 763 2081 jam
777 2003 864 2079 patet
878 1999 963 2079 quod
975 2016 1066 2060 exsr-

135 2092 243 2158 citium
257 2091 325 2171 ejus
339 2095 442 2171 potest
455 2093 514 2170 suh
527 2093 643 2172 duplici
661 2094 812 2173 temporis
829 2093 976 2175 adjuncto
990 2109 1067 2152 con-

133 2185 281 2246 siderari:
299 2185 348 2245 vel
363 2189 534 2265 antequam
540 2185 716 2266 jurisdictio
728 2183 1065 2266 ecclesiasticaaliquid

134 2279 294 2354 decernet,
310 2278 360 2338 vel
374 2282 543 2360 postquam
557 2279 677 2359 aliquid
690 2279 839 2342 decrevit.
863 2279 896 2344 Si
911 2278 1064 2358 exprimo

134 2390 221 2448 casu,
244 2369 328 2433 illius
350 2375 397 2433 est
419 2372 591 2452 advigilare
610 2377 646 2435 ut
661 2373 837 2453 jurisdictio
858 2371 1068 2434 ecclesiastica

134 2463 315 2545 plenissima
326 2465 464 2544 gaudeat
477 2465 631 2543 libertate,
654 2485 692 2528 ne
710 2466 857 2529 videlicet
878 2467 942 2527 ullo
963 2465 1064 2528 obsta·

135 2559 204 2620 culo
217 2559 440 2638 praepediatur.
457 2561 628 2639 Propterea
641 2559 722 2622 illius
735 2564 783 2621 est
796 2559 908 2621 mediis
921 2577 1064 2641 praeven-

133 2651 205 2713 tivis
220 2652 287 2714 haec
300 2653 463 2714 obstacula
476 2670 649 2715 removere.
668 2654 699 2716 Si
719 2654 750 2714 in
772 2655 872 2716 altera
884 2653 1060 2734 hypothesi,

133 2744 219 2806 nullo
232 2746 293 2806 alio
308 2745 402 2807 modo
414 2748 518 2824 potest
532 2764 602 2806 eam
616 2747 785 2808 defendere
795 2748 855 2808 nisi
864 2747 1061 2827 procurando

132 2837 244 2899 mediis
259 2837 401 2899 civilibus
415 2840 450 2899 ut
459 2839 605 2900 Ecclesiae
621 2839 711 2901 dictis
723 2844 882 2919 pareatur.
892 2841 981 2904 Unde
995 2842 1062 2901 lau-

133 2931 225 2994 datus
239 2931 492 3012 archiepiscopus
503 2933 544 2994 sd
555 2933 617 2996 duo
627 2933 695 2994 haec
707 2933 809 2995 officia
819 2933 878 2995 hoc
891 2933 1061 2995 advocatiae

129 3026 182 3107 jus
205 3025 343 3086 reducit:
363 3027 393 3085 l⁰
407 3028 442 3086 ut
456 3026 496 3086 ab
511 3027 646 3088 externis
666 3027 808 3090 hostibus
823 3027 996 3089 Ecclesiam
1010 3028 1063 3089 de·

132 3118 250 3195 tendat,
268 3118 398 3180 utomni
410 3119 555 3183 libertate
569 3121 668 3198 possit
682 3121 742 3182 ista
761 3121 890 3182 delinire
911 3121 987 3202 quid
1018 3121 1061 3182 rei
1140 3195 1143 3202 ἢ

131 3229 197 3272 suae
211 3216 337 3274 censeat
351 3215 563 3292 opportunum
586 3233 670 3288 esse;
696 3218 729 3275 2⁰
744 3218 779 3277 ut
792 3215 903 3277 mediis
921 3216 1062 3278 civilibus

132 3307 281 3381 procuret
301 3309 337 3367 ut
358 3307 505 3368 Ecclesiae
521 3307 754 3371 delinitionibus
772 3309 813 3370 ab
831 3309 976 3372 omnibus
991 3311 1060 3372 ohe-

132 3395 245 3455 dms

170 3489 202 3544 4⁰
224 3487 286 3546 Sed
298 3486 372 3549 licet
385 3489 445 3550 hoc
454 3491 507 3569 jus
522 3511 585 3555 non
600 3494 639 3556 sit
649 3494 825 3575 jurisdictio
839 3496 1057 3574 ecclesiastice,
