2546 4016
366 287 475 335 tocies
499 286 758 337 11111111111111
780 291 935 341 1111111111.
1060 285 1117 348 tos

169 435 295 498 tionem
311 431 453 510 canonis,
468 431 494 493 si
510 433 698 512 approbavit
711 434 830 498 factum
844 437 921 519 Gaji,
935 437 1071 520 quisue,
1088 447 1119 506 et

171 547 238 592 non
250 527 380 590 nomine
390 525 474 602 Titii,
492 525 840 592 clericumverberavit.
852 531 890 592 ll.
906 533 940 594 ln
956 534 1118 614 obligatio·

171 623 279 698 nibus,
306 623 339 682 et
353 617 561 700 praejudiciis,
578 639 634 682 seu
654 622 749 684 rebus
769 622 946 688 1111111111
973 627 1045 690 ideo
1064 628 1117 710 qui

170 715 272 798 gessit
289 713 418 793 negotia
431 711 487 772 filii
502 713 566 774 mei
584 712 775 794 peculiaria,
793 735 856 778 non
870 735 959 797 meo,
983 721 1038 782 sed
1061 721 1116 784 filii

170 808 314 884 nomine,
331 824 395 868 non
411 805 535 885 obligor
550 806 577 866 ei
592 805 625 866 in
641 807 788 887 solidum,
806 810 862 871 scd
871 813 994 890 paculio
1005 817 1114 893 tenus,

171 903 233 964 etsi
268 897 470 980 negotiorum
494 899 671 978 gestionem
711 902 994 981 comprobaverim.
1025 906 1117 970 Fallit

171 995 287 1076 regula
301 993 361 1054 ista
372 995 396 1053 Ι.
412 991 444 1052 in
456 1011 529 1054 novo
543 1011 680 1054 caucaso
693 995 915 1071 confirmante3
928 997 1008 1060 sicut
1025 1018 1116 1079 supe-

173 1091 250 1166 rior,
272 1087 323 1148 vel
347 1085 437 1167 cujus
465 1086 607 1164 interest,
639 1088 838 1166 confirmare,
862 1107 917 1152 sou
940 1092 1115 1154 consentire

172 1185 279 1263 potest
289 1180 452 1242 infactum
462 1178 605 1256 'alterius
618 1180 704 1259 quod
715 1181 792 1242 alias
803 1182 885 1244 vires
895 1202 958 1246 non
971 1185 1112 1265 haberet,

173 1275 248 1338 Coc.
265 1273 321 1356 fin.
338 1276 369 1350 9,
386 1292 416 1354 q.
434 1276 453 1334 Ξ
482 1271 536 1333 ubi
556 1271 722 1353 episcopus
736 1273 946 1354 dispensative
961 1280 1115 1344 consentit

171 1370 205 1430 in
229 1365 449 1429 executionem
471 1363 630 1442 ordinum,
648 1383 727 1445 quos
743 1367 847 1428 clerici
862 1369 902 1430 ab
918 1371 1020 1433 adano
1035 1371 1114 1451 epis-

170 1480 252 1541 copo
269 1460 487 1537 susceperunt,
507 1465 537 1517 et
551 1477 576 1518 c.
599 1461 630 1534 3,
656 1457 691 1518 de
705 1457 761 1537 oo,
778 1480 844 1541 qooe
864 1461 882 1522 ἀ
901 1461 1041 1541 Protea,
1060 1465 1113 1526 ubi

171 1553 394 1618 convalidatur
411 1549 558 1612 alienatio
572 1551 593 1612 a
607 1551 739 1632 praelato
754 1552 853 1630 facta,
873 1555 898 1614 si
919 1556 1111 1634 capitulum,

164 1645 414 1729 superveniente
430 1662 595 1721 consensu,
614 1662 685 1705 eam
699 1648 801 1706 ratam
821 1645 942 1726 hahuit,
961 1655 990 1708 et
1010 1667 1036 1710 a.
1057 1651 1110 1728 28,

170 1743 207 1805 de
225 1741 322 1818 aleca,
340 1737 480 1800 subsistit
495 1737 617 1814 electio,
634 1738 660 1798 si
682 1739 850 1800 canonicus
862 1743 985 1819 spretus
1000 1741 1029 1802 ei
1041 1760 1112 1804 con·

173 1835 329 1898 sentitll.
357 1831 449 1894 Fallit
467 1829 499 1892 in
520 1848 580 1909 eo,
611 1849 649 1891 ex
672 1849 735 1911 quo
754 1832 879 1914 jactura
901 1834 945 1895 rei
968 1853 1046 1898 meae
1067 1853 1117 1896 se-

173 1931 337 2012 queretur,
363 1925 422 1987 nisi
441 1925 560 1986 factum
590 1927 694 1986 ratum
720 1925 894 2002 baberem;
916 1927 1067 2008 maxime,
1089 1930 1115 1991 si

174 2023 309 2104 aequitas
327 2019 361 2079 id
375 2019 526 2092 suadeat,
547 2020 583 2078 ut
600 2015 626 2078 si
646 2035 697 2078 res
716 2037 798 2097 mea,
813 2039 876 2082 non
895 2041 966 2084 meo
987 2023 1113 2084 nomine

173 2115 320 2192 vendita,
337 2112 429 2193 periit
443 2111 528 2191 apud
543 2113 732 2190 emptorem;
762 2116 837 2176 tunc
858 2115 942 2176 enim
958 2115 1113 2179 rectificare

174 2205 539 2290 possumvenditionem,
548 2205 583 2265 ut
592 2205 929 2288 pretiumabemptors
940 2209 1108 2272 obtineam.

160 2333 164 2340 ·
214 2308 247 2364 7·
267 2298 443 2382 Ipnorcntio
457 2297 543 2378 facti,
555 2317 613 2358 ace
619 2292 703 2378 jom’s
714 2311 843 2363 1111111111.
858 2302 944 2365 Facti
965 2302 1109 2384 ignoran-

174 2398 229 2475 tia,
248 2396 325 2457 dum
350 2393 419 2474 quis
444 2390 572 2453 sciendo
592 2391 707 2472 legem,
730 2392 855 2471 ignorat
881 2395 956 2474 quid
982 2399 1105 2478 agatur,

173 2511 204 2553 v.
222 2509 254 2570 g.
272 2488 427 2550 miuorem
442 2504 522 2563 esse,
538 2500 609 2546 cum
622 2503 683 2564 quo
697 2486 863 2564 contrahit,
880 2494 1017 2568 excusat,
1034 2490 1107 2571 quia

173 2584 268 2660 facta,
285 2599 358 2643 eum
373 2579 435 2640 sint
455 2578 630 2656 innumera,
657 2578 752 2640 etiam
774 2580 1031 2658 prudentissimos
1051 2583 1106 2645 fal-

172 2677 237 2738 lere
245 2677 388 2756 possunt.
400 2672 528 2751 Excipe,
537 2672 596 2732 nisi
607 2672 724 2734 factum
734 2673 892 2736 notorium
902 2675 941 2737 sit
950 2676 982 2736 in
992 2675 1106 2738 vicinia

173 2771 223 2833 vel
233 2766 413 2850 ignorantia
426 2765 466 2826 sit
479 2765 704 2845 improbabilia,
724 2770 756 2828 et
765 2767 938 2849 culpabilis.
955 2772 996 2832 nt
1018 2769 1104 2852 igno-

172 2862 276 2926 rantia
290 2861 382 2942 juris,
409 2859 485 2920 dum
500 2858 569 2938 quis
592 2859 679 2939 leges
691 2878 873 2926 communes
889 2863 1024 2944 ignorat,
1040 2883 1102 2927 non

172 2959 301 3020 excusat
312 2957 459 3035 agentem
475 2972 482 3026 ;
501 2952 575 3033 quia
586 2952 672 3032 leges
685 2954 765 3016 seire
783 2955 901 3018 debuit.
916 2958 995 3018 Hinc
1016 2956 1102 3036 igno-

170 3049 271 3113 rantia
284 3049 365 3130 juris
378 3065 440 3109 non
456 3045 586 3126 prodest
601 3046 633 3107 in
648 3049 891 3128 usucapionibus
908 3096 916 3128 ,
936 3050 1102 3112 contracti-

169 3143 248 3221 bus,
265 3147 297 3204 el
311 3139 427 3204 ultimis
448 3139 670 3203 voluntatibus.
691 3140 811 3222 Eacope
828 3145 851 3204 l.
874 3161 1042 3223 personas,
1068 3143 1098 3206 in

168 3237 281 3318 quibus
293 3236 446 3298 toleratur
454 3233 632 3313 ignorantia
642 3233 738 3315 juris;
754 3237 799 3297 uti
812 3240 884 3298 sunt
897 3235 1020 3318 milites,
1032 3259 1099 3304 rus·

167 3329 230 3408 tici,
246 3328 346 3410 pueri,
364 3327 510 3406 iaeminae,
521 3326 635 3406 quibus
649 3327 827 3406 ignorantia
837 3329 917 3413 juris
929 3351 993 3397 non
1006 3338 1098 3398 nocet

167 3422 196 3482 in
209 3420 393 3502 dispendiis,
405 3439 460 3482 seu
472 3419 504 3480 in
516 3419 687 3482 amittendo
701 3440 810 3502 sunm,
828 3444 890 3489 non
905 3431 1011 3491 tamen
1026 3445 1096 3510 pro-

161 3515 234 3582 deso
242 3515 274 3577 in
288 3513 491 3598 compendiis,
503 3532 558 3576 seu
572 3514 605 3576 in
619 3515 782 3583 lucrando.
1094 3515 1095 3518 ’
