2514 4014
172 311 210 370 tt
381 323 612 371 msrrrorrouns
632 326 714 371 rnnrs
737 325 892 381 nouorum.

174 466 258 546 quod
273 465 447 545 subjectum
463 467 611 546 praecepti
629 467 727 546 possit
753 487 820 529 esse
841 467 989 548 qualibet
1014 487 1117 548 pecu-

173 559 257 620 liaris
272 576 416 636 persona,
432 559 607 640 subjectum
620 561 811 641 autemlegis
830 580 891 622 non
910 565 956 624 est
970 561 1028 622 nisi
1041 581 1115 624 res-

173 652 308 732 publica.
340 653 438 730 Igitur
466 657 659 732 praeceptum
690 673 709 714 a
743 654 904 716 voluntate
939 655 1115 735 cujuslibet

173 745 341 823 superioris
360 749 464 823 potest
478 745 550 824 jure
564 747 750 825 procedere,
772 748 941 808 laxantem
956 747 996 809 ab
1012 748 1112 810 unica

173 838 332 898 voluntate
343 837 424 898 illius
435 839 487 918 qui
498 839 556 917 ipsi
567 840 746 918 reipublicae
758 843 881 918 praeest.

214 930 276 992 Sed
291 931 350 990 hac
363 931 446 991 facta
463 931 649 1008 differentia,
672 936 821 994 caeterum
839 933 949 992 eadem
964 933 1109 995 formalis

174 1027 221 1084 est
242 1023 321 1085 ratio
345 1027 412 1084 tum
433 1025 522 1103 legis,
546 1029 613 1085 tum
632 1026 791 1104 praecepti,
819 1024 930 1102 idest,
961 1026 1109 1088 absoluta

174 1117 317 1177 voluntas
345 1117 513 1195 superioris
537 1117 675 1178 inferiori
708 1118 861 1195 intimata,
888 1137 942 1178 seu
960 1119 1107 1180 manifes-

149 1211 249 1282 tata.
275 1208 386 1269 Modus
409 1227 470 1288 quo
485 1210 702 1271 manifestatur
721 1210 772 1271 hic
789 1210 968 1270 indifferens
993 1214 1051 1288 est,
1076 1217 1109 1274 et

174 1305 261 1363 extra
273 1305 465 1381 praeceptum
475 1304 525 1363 vel
540 1303 616 1382 legis
629 1303 1022 1366 essentiamconstituitur.

213 1396 378 1472 Jamvem,
400 1397 468 1455 tum
487 1395 568 1457 civili
596 1400 663 1457 tum
684 1396 900 1458 ecclesiastica
924 1396 1104 1458 auctoritati

175 1487 327 1566 optimum
343 1487 444 1548 visum
462 1489 718 1551 est'voluntatem
734 1507 823 1550 suam
838 1488 1017 1567 reipublicae
1036 1489 1106 1551 inti-

175 1599 272 1659 mare,
287 1599 349 1642 nou
363 1585 485 1642 tantum
500 1593 682 1661 praeoonum
697 1601 773 1643 voce
788 1583 839 1642 vel
856 1581 980 1660 scriptis
995 1581 1105 1643 edictis

175 1691 245 1734 eam
267 1676 513 1754 promulgando,
535 1676 590 1737 sed
610 1676 705 1736 etiam
720 1675 825 1754 populi
843 1675 982 1735 moribus
1003 1674 1105 1735 indul-

175 1768 289 1845 gendo,
307 1769 413 1848 eisquc
429 1769 641 1847 obsequendo,
658 1773 752 1848 atque
765 1787 819 1830 eos
835 1768 1061 1829 confirmando.

213 1864 253 1922 Ut
271 1860 410 1936 ridetur,
433 1865 613 1922 removetur
632 1862 686 1922 illa
711 1860 882 1938 discordia,
900 1879 996 1940 quam
1022 1878 1105 1940 saepe

172 1971 357 2031 promovere
374 1957 504 2031 possunt
518 1954 681 2016 novitates
695 1954 770 2015 lnde
779 1974 837 2034 pro
846 1953 1015 2016 diversitate
1027 1952 1108 2014 modi

174 2064 234 2126 quo
250 2046 439 2124 praceptiva
454 2046 597 2107 voluntas
615 2047 762 2125 principis
782 2047 925 2108 intimata
942 2050 989 2107 est
1008 2047 1106 2108 socie-

173 2139 240 2215 tati,
263 2138 348 2198 aliud
369 2139 482 2200 dicitnr
492 2139 546 2219 jus
566 2140 708 2220 scriptum
727 2144 759 2201 et
777 2139 862 2200 aliud
870 2139 924 2219 jos
941 2159 999 2199 ooo
1012 2140 1106 2220 scrap-

173 2239 244 2292 tom.
270 2230 329 2293 Ubi
349 2251 461 2311 nempe
482 2232 652 2311 imperiosa
671 2232 819 2311 principis
840 2233 983 2294 voluntas
1001 2251 1105 2294 mores

173 2324 329 2384 antecedit
353 2343 469 2404 eosque
495 2325 643 2402 insinuat,
665 2328 712 2385 est
729 2325 781 2405 jus
804 2325 970 2404 scriptum3
991 2325 1104 2386 dicitur

169 2416 221 2496 jus
245 2435 307 2477 non
332 2417 482 2495 scriptum
505 2419 630 2497 quando
655 2436 759 2478 mores
782 2418 988 2494 antecedunt,
1010 2421 1103 2497 atque

99 2499 101 2502 ¹
172 2509 316 2570 voluntas
330 2509 478 2589 principis
498 2510 638 2571 moribus
660 2511 781 2572 accedit
803 2529 918 2590 eosque
938 2510 1104 2571 comitatur

174 2595 205 2662 ot
225 2603 397 2663 confirmat.
421 2606 489 2664 Uno
504 2603 613 2679 verbo,
632 2603 683 2682 jus
704 2604 920 2682 scriptumest
941 2624 947 2664 :
963 2603 1017 2682 jus
1032 2622 1103 2682 pro

173 2695 349 2773 roalqoticoe
372 2695 539 2772 munitum·
551 2696 602 2775 J'os
621 2713 684 2756 non
699 2697 848 2776 scriptum
863 2699 909 2757 est
928 2693 1005 2755 illud
1028 2695 1106 2776 qood

173 2787 299 2848 ructatos
319 2789 427 2868 populi
449 2808 498 2849 sec
522 2788 725 2849 consuetudine
748 2788 906 2863 inducit-ur,
933 2789 1102 2849 dummodo

116 2912 118 2916 ·
172 2885 278 2942 tamen
292 2879 359 2941 istis
369 2881 508 2942 moribus
524 2881 655 2942 accedat
665 2881 771 2960 aliqua
783 2880 931 2960 principis
944 2881 1098 2943 voluntas.

213 2975 277 3036 Vll.
303 2974 365 3036 Sed
388 2974 485 3053 quaeri
514 2973 565 3034 hic
590 2978 696 3052 posset
720 2991 866 3053 quaenam
893 2972 1101 3052 promulgatio

173 3066 223 3127 vel
247 3085 317 3146 quae
342 3067 535 3128 consuetudo
562 3066 740 3144 requiratur
761 3069 796 3126 ut
820 3065 888 3126 haec
915 3065 1103 3145 praeceptiva

173 3159 322 3237 principis
342 3161 486 3221 voluntas
508 3159 699 3220 sufficienter
719 3158 937 3220 manifestetur
963 3176 1102 3220 commu-

77 3260 81 3265 ’
174 3250 273 3312 nitati.
300 3253 331 3313 Si
348 3271 450 3314 sermo
467 3252 506 3314 sit
521 3253 559 3313 de
574 3251 824 3332 promulgatione
847 3269 917 3331 quae
936 3251 1102 3312 intervenit

174 3343 275 3424 injus
299 3345 459 3423 scriptum,
484 3345 598 3406 suflicit
616 3344 684 3405 haec
707 3345 869 3424 responsio
891 3363 985 3424 quam
1009 3343 1103 3405 tradit

175 3437 259 3498 card.
284 3437 364 3498 Gotti
386 3438 500 3517 (Troct.
526 3437 597 3498 Vde
615 3437 740 3516 lepidus,
764 3445 867 3518 quast.
883 3437 935 3516 6):
956 3440 1033 3498 Gom
1050 3453 1101 3498 na-

174 3531 246 3590 tura
259 3548 321 3590 non
338 3528 591 3591 determinaverit
605 3529 774 3609 quemdam
791 3530 920 3590 modmu
935 3528 1101 3608 specialem
