2484 4016
389 329 428 380 on
449 331 682 383 0nucnorun1s
704 331 860 382 eunomus.
1034 318 1091 382 309

32 465 33 468 “
155 477 272 543 harum
291 499 350 560 usn
369 481 500 542 modum
513 499 657 558 servare,
673 479 798 542 difficile
815 480 856 542 sit
870 479 966 561 igitur
980 480 1091 541 exinde

28 615 29 620 κ
155 595 221 636 non
236 593 404 653 exsurgere
419 573 680 652 impedimentum
693 574 778 655 quod
792 593 935 654 gressum
949 580 1091 636 nostrum

27 659 28 698 ³
154 668 188 729 in
202 669 299 729 finem
310 667 415 728 valeat
429 666 605 739 retardarc;
623 666 686 727 imo
697 666 888 744 impossibile
902 673 948 728 est
961 667 1046 746 quod
1058 667 1090 728 in

155 760 271 821 harum
283 778 390 820 rerum
404 777 462 819 usu
478 777 533 820 cor
545 758 679 820 hominis
692 758 916 838 aliquantisper
931 778 994 822 non
1015 760 1092 821 divi-

155 853 261 930 datur,
269 853 314 916 ita
328 856 362 914 ut
381 871 444 914 non
456 851 555 930 possit
566 853 633 914 tote
647 851 743 913 animi
756 851 935 915 inienuitate
950 853 980 914 in
996 855 1091 917 finem

157 965 251 1009 suum
266 964 449 1025 properare.
881 939 882 944 ’

198 1043 301 1112 Quare
316 1039 391 1100 satis
406 1057 469 1099 non
483 1037 542 1100 fuit
556 1035 678 1100 Christo
692 1036 766 1098 huic
775 1037 889 1118 triplici
904 1039 979 1101 vitio
993 1039 1090 1119 tripli-

159 1151 227 1194 cem
246 1149 405 1211 opponere
428 1131 595 1208 virtutem,
612 1134 650 1192 ut
669 1130 810 1192 ordinem
831 1150 1028 1194 servaremus
1049 1133 1091 1193 ad

157 1225 268 1299 fiuem;
283 1225 339 1286 sed
350 1225 479 1286 consilia
493 1223 745 1304 eddidit,quibus
760 1243 817 1286 nos
832 1225 864 1284 in
880 1226 945 1286 dies
958 1225 1091 1305 profice-

159 1337 274 1380 remus
303 1320 474 1398 Postquam
498 1315 679 1378 hominihus
705 1319 868 1396 proposuit
892 1317 1090 1380 indefinitum

161 1411 320 1491 exemplar
342 1409 565 1490 progrediendi
590 1409 631 1470 ad
651 1409 832 1470 ulteriorem
846 1411 1086 1490 perfectionem,

160 1504 292 1567 dicendo
311 1503 437 1565 :Estote
445 1502 577 1583 perfecti
591 1502 667 1562 sicot
681 1501 775 1562 Peter
791 1522 870 1564 oran
888 1505 1009 1565 celestis
1017 1522 1091 1585 per·

158 1598 252 1677 lectus
275 1605 327 1674 est,
352 1595 414 1656 tria
429 1596 550 1658 addidit
569 1594 717 1657 consilia:
734 1595 901 1658 voluntarii
924 1597 1087 1676 coelibotos,

158 1690 342 1752 voluntariae
361 1689 565 1769 paupertatis,
590 1687 776 1749 voluntariae
798 1687 968 1752 obedientie
991 1694 1022 1753 ct
1036 1691 1090 1754 ab·

158 1783 345 1864 negationis,
356 1783 398 1844 ita
409 1789 444 1844 ut
452 1782 600 1844 materies
611 1781 759 1863 quaelibet
770 1783 1023 1845 substraheretur
1033 1785 1090 1846 tri-

157 1877 216 1938 hus
232 1876 323 1938 dictis
336 1875 438 1953 vitiis,
454 1879 486 1938 et
501 1877 565 1937 tres
580 1871 731 1954 dppositae
754 1875 886 1938 virtutes
901 1877 1089 1955 completam

158 1969 275 2031 habere
287 1972 415 2048 possent
430 1968 651 2031 evolutionem.

21 2008 24 2063 i
82 2111 88 2123 ,
196 2064 248 2125 Sic
269 2061 345 2122 dum
368 2063 545 2142 quererent
557 2061 688 2141 apostoli
705 2061 749 2142 (S.
766 2062 877 2125 Matth.
894 2061 943 2142 19)
964 2062 1003 2124 de
1018 2077 1089 2142 pro-

156 2156 258 2236 posita
271 2156 473 2236 monogamia
484 2154 718 2232 matrimoniali,
735 2155 909 2236 stringebat
923 2156 1064 2219 Christus
1079 2177 1086 2219 :

156 2249 235 2310 Sunt
255 2247 380 2310 eunuchi
396 2249 450 2330 qui
468 2247 573 2328 seipsos
596 2257 797 2310 castraverunt
810 2257 938 2330 propter
964 2269 1087 2330 repnom

155 2343 301 2404 coelorum.
312 2340 474 2422 Qoipotest
487 2359 598 2422 cupere,
615 2341 724 2421 capiat.
733 2343 811 2403 ltem
825 2343 944 2403 ibidem
960 2344 1086 2407 dicebat

153 2433 262 2515 juveni
287 2431 339 2515 qui
359 2435 508 2496 mandate
531 2437 657 2496 secutus
680 2433 783 2495 fuerat
809 2434 850 2494 ab
874 2435 1086 2498 adolescentia

155 2545 230 2589 sua:
249 2527 289 2588 Si
300 2527 343 2589 cis
354 2527 503 2609 perfectus
517 2546 584 2605 cese,
604 2525 687 2602 code,
708 2525 797 2588 cende
816 2545 881 2608 poce
901 2525 987 2588 labes
1003 2535 1032 2588 ec
1047 2529 1085 2590 do

152 2619 347 2701 pauperibus
368 2621 444 2698 ocni,
465 2639 654 2702 sequererne.
678 2622 717 2682 tlt
740 2622 772 2682 S.
797 2619 908 2683 Matth.
933 2622 971 2682 lo
996 2641 1009 2706 ².
1028 2621 1087 2696 Oui

153 2714 216 2775 cult
229 2715 327 2775 conire
333 2721 403 2794 poet
416 2732 471 2791 me,
488 2713 611 2794 abneget
623 2714 818 2795 semetipsum.
832 2713 931 2793 Igitur
941 2715 1002 2798 tria
1011 2733 1084 2776 con·

153 2806 221 2868 silia
233 2807 392 2886 discipulis
407 2808 471 2867 suis
486 2807 648 2886 sequenda
659 2808 833 2887 proposuit.

191 2900 245 2961 His
271 2900 375 2960 tribus
396 2899 564 2978 propositis
594 2900 749 2978 consiliis,
778 2901 891 2981 quihus
915 2901 1082 2981 sequendis

19 3035 20 3038 κ
132 3049 134 3054 ,
152 2992 311 3073 obligabat
325 2993 494 3071 neminem,
511 2993 648 3054 vocabat
662 3011 787 3071 omneS,
805 3012 999 3074 consequens
1014 2999 1082 3058 erat

150 3089 184 3148 ut
196 3086 332 3166 gratiam
345 3086 376 3146 in
392 3085 534 3146 homines
548 3084 738 3149 diffunderet
752 3105 814 3168 qua
834 3087 908 3149 huie
922 3088 1080 3151 vocationi

150 3179 339 3258 respondere
355 3181 493 3260 possent.

188 3273 251 3334 Sed
275 3271 450 3334 donationis
465 3267 520 3332 Dei
537 3277 568 3332 ct
583 3271 693 3351 gratiae
717 3271 828 3333 eadem
846 3290 996 3336 mensura
1015 3293 1078 3338 non

150 3367 211 3440 est;
233 3369 265 3428 et
282 3363 360 3426 alius
375 3364 502 3444 quidem
518 3365 635 3426 donum
657 3364 794 3445 accepit,
817 3365 895 3428 alius
916 3367 1026 3446 plura,
1043 3372 1078 3432 ut

151 3457 225 3520 dicit
248 3459 426 3538 Apostolus
450 3459 620 3535 Propterea
647 3458 815 3538 aliquando
838 3459 940 3539 gratia
969 3461 1077 3522 termi-

150 3555 243 3619 natur
254 3551 296 3614 ad
310 3552 446 3636 aliquem
463 3553 567 3614 actum
582 3551 756 3614 secundum
769 3551 838 3618 haec
852 3552 981 3618 coneilio
995 3571 1077 3640 prce-
