2484 4016
340 311 378 357 nu
399 311 528 358 omrcro
548 311 630 358 rums
653 311 807 382 oenonrcr.
980 303 1039 364 325

111 459 177 518 tum
192 455 224 516 in
236 455 416 517 clericatum
428 456 616 534 introducta,
628 475 690 518 non
701 475 738 519 eo
751 458 899 521 tendebat
908 457 1037 536 directe,

14 627 15 634 ἵ
110 551 144 610 ut
171 547 302 610 clericos
325 553 485 611 exerceret
517 549 549 610 in
575 551 627 611 via
654 551 856 613 consiliorum
883 552 1042 632 evangeli·

111 661 238 718 corum,
261 641 318 702 sed
331 645 454 703 tantum
475 645 510 704 ut
526 642 656 703 clericos
674 648 851 706 removeret
871 663 891 704 a
913 643 996 706 vitiis
1011 647 1042 705 et

110 734 365 814 distractionibus
380 735 503 811 saeculi,
519 738 554 796 ut
568 753 622 795 eos
639 739 798 797 exerceret
811 735 843 796 in
859 737 1042 799 muneribus

110 827 323 900 clericalibns;
347 846 405 887 neo
424 826 606 906 hujusmodi
624 827 751 889 vivendi
768 847 868 908 genus
889 829 1042 891 individui

111 920 258 982 electioni
282 920 532 1000 relinquebatur,
550 919 606 980 sed
621 925 689 981 erat
706 925 857 1002 tanquam
876 922 1043 984 methodus

112 1013 287 1093 praefiuita,
309 1031 421 1093 quam,
438 1012 469 1073 vi
491 1012 712 1090 assumptionis
728 1014 895 1092 clericelle,
913 1013 1043 1076 clericus

115 1107 204 1187 sequi
216 1106 356 1167 deberet.

152 1200 230 1260 llrat
244 1199 357 1259 modus
380 1197 507 1278 quidem
522 1198 729 1278 disciplinaris
743 1206 775 1260 et
795 1200 950 1280 practicus
970 1201 1043 1282 (quo

116 1311 151 1352 ex
165 1297 337 1370 praecepte,
353 1291 423 1369 lege
446 1297 477 1351 et
494 1291 730 1369 consuetudine,
748 1293 971 1370 providebatur
989 1311 1046 1372 per

115 1383 200 1446 illam
214 1388 358 1461 aetatem,
384 1388 420 1444 ut
433 1383 539 1444 clerici
552 1384 694 1445 viverent
712 1385 887 1454 secundum
901 1385 1045 1463 spiritum

115 1497 178 1539 suae
194 1476 379 1554 vocationis)
402 1477 549 1538 actuandi
568 1495 643 1555 ergo
658 1476 755 1538 vitam
769 1477 965 1555 clericalem,
983 1495 1046 1540 non

117 1569 300 1632 efformandi
309 1568 491 1646 monachos„
502 1569 768 1648 quemadmodum
776 1569 869 1631 hodie
879 1570 1047 1632 seminaria

14 1669 16 1732 ᾗ
115 1683 177 1726 non
199 1667 273 1724 sunt
286 1661 441 1724 asceteria
459 1660 705 1739 monachorum,
722 1663 778 1723 sed
798 1666 920 1724 tantum
935 1662 1047 1723 domus

115 1774 298 1818 communes
311 1753 477 1815 recentiori
497 1753 568 1833 jure
596 1753 763 1831 institutae,
780 1761 815 1815 ut
833 1755 876 1816 ibi
894 1755 1045 1835 juvenes,

112 1849 224 1930 procul
239 1867 259 1908 a
271 1846 526 1922 distractionibus
541 1847 657 1922 saculi,
673 1846 704 1906 in
722 1847 870 1924 scientiis,
890 1847 923 1907 in
936 1865 1049 1908 mune-

14 1983 16 2019 ,
115 1943 203 2004 ribus
217 1939 413 2002 clericalibus
428 1939 641 2000 instituentur.

156 2035 232 2098 Sola
247 2032 424 2094 differentia
446 2050 484 2092 ea
503 2038 568 2108 est,
593 2033 677 2112 quod
699 2032 804 2109 hodie,
826 2052 883 2112 pro
903 2033 976 2094 solis
990 2032 1050 2093 ini-

113 2127 231 2192 tiandis
255 2125 396 2202 clericis,
413 2125 488 2185 olim
512 2143 568 2202 pro
593 2124 738 2185 omnibus
758 2125 852 2186 etiem
875 2124 1049 2186 senioribus

114 2223 308 2283 servaretur.
332 2219 415 2296 Ergo
435 2216 578 2278 videmus
600 2236 620 2277 a
639 2217 753 2278 saeculo
769 2218 888 2298 quinto,
906 2218 1052 2298 quedam

113 2313 239 2376 semine
261 2310 354 2391 hujus
369 2309 588 2387 institutionis,
610 2328 674 2370 non
696 2313 801 2371 autem
814 2310 965 2371 institutio
980 2329 1052 2388 per-

115 2408 210 2468 fecta.
238 2407 312 2465 Haec
335 2399 460 2464 semina
482 2403 607 2464 evoluta
635 2395 915 2480 apparent'magis
936 2401 1050 2462 saeculo

17 2503 18 2520 ¹
115 2503 205 2562 sexto
221 2501 254 2557 et
265 2495 468 2576 sequentibus
485 2516 491 2556 :
507 2494 663 2574 siquidem
675 2494 813 2571 collapsa
822 2511 879 2572 per
893 2512 964 2553 eam
979 2496 1052 2553 aeta-

17 2589 19 2613 '
116 2597 185 2656 tem
211 2589 277 2652 vita
300 2588 480 2664 communi,
506 2587 652 2667 quadam
672 2586 799 2647 luerunt
822 2585 958 2664 capitula
982 2601 1052 2665 quae

118 2683 222 2749 veteri
238 2681 410 2760 disciplina
422 2679 563 2741 tenacius
578 2679 780 2740 inhaeserunt.

161 2780 268 2851 Quare
290 2775 392 2836 clerus
416 2773 469 2853 qui
486 2771 645 2833 nesciebat
662 2769 893 2832 distinctionem
911 2771 992 2832 inter
1006 2789 1056 2831 re-

118 2871 266 2952 gularem
285 2873 318 2928 et
331 2866 523 2942 secularem,
542 2864 657 2942 coepit,
676 2863 850 2942 praesertim
867 2864 988 2925 seeculo-
1002 2864 1057 2926 de-

120 2965 217 3039 cimo,
231 2961 313 3021 hano
322 2957 553 3020 distinctionem
564 2956 709 3034 experiri,
722 2959 756 3018 ut
768 2956 818 3016 alii
829 2957 988 3036 aequiores,
1005 2955 1057 3016 alii

119 3055 268 3120 secuturas
293 3052 481 3114 dicerentur.
505 3050 567 3112 Sed
588 3049 714 3110 videtur
734 3048 827 3129 hujus
851 3047 1058 3126 distinctionis

121 3148 301 3212 intellectus
311 3146 404 3223 longe
419 3161 486 3204 esse
501 3143 541 3204 ab
553 3141 705 3205 hodierno
713 3141 883 3203 intellectu.

166 3242 312 3318 Namque
324 3255 387 3298 non
401 3235 675 3314 distinguebantur
684 3233 843 3312 regulares
860 3237 892 3302 et
903 3233 1060 3296 seculares

125 3339 281 3412 tanquam
304 3330 330 3390 si
350 3329 392 3389 illi
415 3328 632 3390 consociarent
651 3325 901 3396 monachismum
925 3325 1062 3388 etuleri-

127 3429 248 3500 catum,
266 3423 298 3482 hi
313 3425 419 3483 autem
434 3439 496 3481 non
511 3420 572 3494 sio;
587 3421 644 3481 sed
659 3425 812 3500 quatenus
829 3419 872 3479 illi
887 3422 991 3480 essent
1006 3436 1063 3479 au·

127 3519 228 3600 tiquae
254 3517 371 3594 regula
398 3515 622 3588 observantes;
648 3511 680 3573 hi
704 3531 778 3575 vero
797 3513 837 3574 ab
860 3512 913 3573 ille
933 3511 1065 3574 delecis-

202 3637 268 3679 rou.
289 3638 308 3678 ι.
948 3620 980 3674 lt

1116 282 1120 288 -
1217 203 1219 298 l
