2512 4012
96 323 99 326 ·
161 242 219 308 tto
368 253 597 310 msxrrnrnonus
616 254 700 308 rums
723 253 877 306 ctromoi.

161 399 243 470 illius
258 398 354 462 etiam
369 396 555 458 imminuere
569 398 798 475 auctoritatem,
814 397 877 464 imo
892 414 962 460 eam
978 395 1090 457 tollere

163 496 193 554 et
205 492 237 553 in
248 491 345 553 alium
354 490 534 568 transferre,
548 491 632 570 quod
641 494 747 554 tamen
757 489 823 552 sine
838 489 1095 569 aliqnerationag

162 585 215 658 bili
228 603 322 648 causa
334 583 417 646 licite
431 602 495 647 nou
508 585 553 646 frt.

516 735 546 774 De
559 733 643 775 oleario
660 733 734 774 Urbis.

202 855 297 916 XXX.
320 853 399 914 Illud
420 853 505 932 quod
528 853 567 912 de
595 851 715 915 caeteris
743 851 856 912 dicitur
883 849 1089 927 dioecesibus,

163 947 202 1008 de
218 965 350 1008 romano
361 965 485 1026 quoque
501 946 627 1008 dioeoesi
642 945 773 1025 intelligi
788 946 892 1023 debet,
909 944 962 1006 ubi
975 945 1092 1004 Roma-

136 1051 137 1056 ’
164 1059 222 1100 nus
242 1039 385 1103 Pontifex
400 1039 431 1098 in
448 1043 600 1119 quantum
619 1043 665 1101 est
682 1042 789 1101 Romae
807 1039 982 1118 episcopua,
999 1054 1092 1097 suum

164 1133 258 1194 babet
282 1131 435 1192 vicarium
457 1132 656 1212 generalem,
683 1132 733 1194 oui
758 1131 946 1213 applicanda
963 1129 1093 1200 veniunt

164 1223 269 1286 omnia
288 1241 357 1304 quae
375 1224 458 1285 dicta
476 1229 548 1286 sunt
562 1225 601 1286 do
617 1225 742 1288 vicariis
759 1223 959 1306 generalibus
973 1223 1093 1302 opimo-

164 1335 286 1400 porum.
304 1319 379 1380 Duce
394 1320 500 1379 tamen
515 1321 587 1380 sunt
602 1319 752 1397 speciales
767 1318 949 1380 differentia
964 1337 970 1378 :

205 1414 235 1472 1⁸
257 1413 335 1473 Cum
357 1414 515 1474 Romanus
530 1413 689 1490 Pontifex,
706 1411 839 1492 negotiis
858 1411 1011 1480 distentus
1024 1407 1094 1478 uui-

152 1503 293 1568 ·xerselis
306 1505 469 1582 Ecclesiae,
485 1524 548 1567 uon
563 1505 661 1583 possit
676 1524 747 1568 eam
761 1523 871 1584 gerere
887 1521 996 1564 curam
1012 1501 1094 1581 epis-

165 1601 294 1678 copatus
317 1598 459 1674 romani,
488 1598 569 1659 sicut
592 1598 730 1678 episcopi
757 1597 940 1674 dioecesani,
965 1596 1039 1659 inde
1059 1597 1095 1656 fit

165 1691 248 1772 quod
264 1691 442 1770 cardinalis,
455 1691 486 1751 in
498 1692 582 1754 Urbe
597 1691 743 1768 vicarius,
761 1696 808 1753 est
823 1691 912 1770 quasi
928 1689 1093 1770 episcopus

165 1788 196 1847 et
209 1784 385 1846 ordinarius
402 1784 507 1862 Urbis
522 1804 588 1861 seu,
601 1785 675 1846 licet
687 1785 803 1846 vicario
819 1783 961 1860 nomine,
976 1801 1015 1843 ea
1027 1800 1094 1844 om·

164 1877 217 1938 nia
227 1877 318 1956 gerit,
334 1877 399 1938 sive
414 1878 518 1958 quoad
529 1877 681 1954 ordinem,
698 1878 764 1939 sive
780 1878 885 1957 quoad
901 1875 1093 1958 jurisdictio-

164 1988 237 2030 nem
246 1986 315 2048 quae
324 1969 526 2049 episcopusin
536 1969 915 2034 dioecesi.Undohabetet
924 1968 1094 2049 quemdam

163 2061 329 2141 praelatum
348 2062 422 2123 vices
442 2069 605 2142 gerentem,
623 2063 667 2125 sic
691 2063 809 2127 dictum
827 2067 979 2144 tanquam
1001 2081 1094 2124 suum

163 2155 316 2218 vicarium
333 2155 523 2234 generalem.

204 2247 314 2312 Solum
335 2249 375 2308 ab
399 2247 459 2310 hac
479 2251 618 2328 generali
638 2250 805 2312 cardinalis
828 2249 860 2310 in
880 2248 965 2312 Urbe
984 2249 1092 2310 vicarii

163 2344 327 2419 potestate,
343 2342 413 2402 duae
428 2342 624 2421 excipiuntur
637 2344 819 2405 facultates:
832 2360 945 2421 nempe
957 2341 1093 2405 visitatio

164 2434 335 2513 apostolica
344 2454 400 2514 pro
412 2455 474 2516 qua
482 2439 589 2498 Romae
600 2437 741 2500 instituta
752 2441 799 2498 est
807 2435 949 2515 specialis
961 2437 993 2498 S.
1005 2437 1042 2497 R.
1055 2437 1089 2496 Ε.

163 2526 369 2596 cardinalium
380 2530 594 2610 congregatio,
603 2533 634 2592 et
646 2531 770 2602 collatio
780 2529 1015 2606 beneficiorum,
1023 2547 1093 2608 quaa

163 2623 198 2684 ot
213 2620 245 2681 in
260 2621 384 2684 dataria
396 2623 577 2700 apostolica.
589 2625 623 2684 ln
635 2623 714 2700 aliie,
728 2623 801 2685 licet
811 2642 873 2684 non
889 2625 996 2685 Romae
1012 2621 1093 2700 epis-

163 2733 271 2794 copus,
281 2715 494 2783 omnimodam
504 2719 610 2778 tamen
622 2717 832 2797 episcopalem
843 2714 1091 2796 jurisdictionem

163 2809 296 2868 exercet.

201 2905 232 2962 2¹
252 2899 394 2963 vicarius
415 2901 584 2979 generalis,
608 2901 755 2965 defuncto
777 2904 938 2983 episcopo,
964 2921 1090 2965 omnem

163 2993 276 3060 amittit
291 2993 528 3071 auctontatem,
548 2995 703 3075 siquidem
724 2997 861 3076 episcopi
879 3000 997 3074 morte,
1023 2997 1089 3078 ejus

159 3087 334 3166 jurisdictio
360 3087 535 3150 devolvitur
558 3089 598 3150 ad
611 3089 791 3168 capitulum
817 3090 957 3152 ecclesiae
984 3090 1091 3153 cathe-

162 3180 269 3257 dralis,
282 3182 366 3260 quod
374 3201 430 3260 per
442 3181 594 3243 vicarium
606 3183 811 3261 capitularem
823 3185 1010 3256 dioecesanae
1020 3203 1090 3264 pro-

162 3271 248 3341 videt
272 3274 543 3338 administrationi.
562 3276 625 3344 Sed
640 3279 757 3358 Romae,
775 3282 898 3350 mortuo
917 3278 1087 3355 Pontinos,

162 3365 287 3430 diverm
298 3367 416 3434 obtinet
428 3368 602 3449 disciplina.
685 3406 688 3407 ν

203 3459 308 3532 noun
330 3459 414 3531 euim
435 3462 845 3542 nutrimentorum,
868 3465 902 3538 in
918 3467 1021 3548 quon,
1045 3466 1092 3528 in-
