2514 4014
175 237 194 296 2
386 244 615 293 rnsnrurtonns
635 243 719 292 runis
741 243 896 291 annontui.

176 391 308 454 ntidem
322 391 410 453 sitae
425 390 597 470 lepitimum,
612 393 667 450 s'eu
680 391 773 449 reotae
788 386 901 448 rationi
916 389 946 447 et
959 385 1021 466 legi
1035 403 1115 447 oon-

176 501 305 544 sonum:
323 484 355 542 et
367 481 444 542 illud
455 481 576 560 justum
593 478 743 541 dividitur
754 478 786 538 in
800 478 945 554 naturale,
963 476 1046 556 quod
1062 480 1116 538 est

177 591 350 637 consonum
371 573 504 634 naturali
521 571 647 648 rationi,
678 575 709 632 et
728 571 830 649 tapete,
856 569 940 650 quod
961 569 1031 647 lege
1052 569 1115 629 hu-

67 701 78 714 ·
176 655 492 726 mana'eonstituitur.
515 667 549 724 20
564 662 724 741 Aooipitur
735 662 855 742 justum
870 661 1047 739 specialiter
1072 679 1115 722 ae

178 758 282 819 striata
295 775 351 835 pro
365 774 401 816 eo
413 756 497 834 quod
509 759 555 816 est
569 772 705 833 aequum,
722 754 788 815 sive
799 754 910 835 oeqoate
921 761 950 813 et
963 753 1052 813 alteri
1063 752 1116 813 de-

178 849 269 908 bitam
278 868 290 908 .·
304 851 344 924 et,
363 852 397 909 ut
411 848 467 924 sio,
485 849 533 908 est
547 846 704 926 objectum
713 845 853 926 justitiae.

140 985 143 990 Α
216 943 247 1000 3⁰
266 943 321 1002 Jus
338 942 489 1019 tanquam
511 956 625 999 nomen
640 937 873 1016 primigenium,
893 955 949 998 seu
970 935 1114 998 radioem

174 1031 248 1112 justi
265 1034 296 1091 et
304 1030 432 1110 justitia
447 1030 564 1094 habent
586 1029 727 1092 nonnulli
740 1029 965 1109 jurisconsulti,
989 1028 1021 1088 in
1036 1047 1113 1108 quo-

75 1125 79 1134 ’
167 1140 247 1192 ,rum
265 1121 428 1197 sententia,
447 1121 528 1201 juris
547 1121 627 1181 ratio
643 1139 663 1180 a
680 1120 765 1200 justo
791 1124 822 1182 et
841 1120 962 1200 justitia
982 1119 1113 1180 minime

177 1213 348 1294 repetenda
362 1216 460 1289 esset,
482 1213 536 1273 sed
557 1212 747 1273 econtrario
765 1212 887 1292 justitia
902 1212 971 1290 ipsa
992 1230 1049 1290 per
1058 1211 1113 1291 jus

178 1305 376 1366 definiretur:
390 1303 453 1384 jus,
470 1307 578 1382 utpote
589 1304 747 1384 objectum
757 1303 898 1384 justitiae,
914 1303 1113 1383 ipsajustitia

178 1396 335 1476 antiquius
347 1400 404 1458 est.
414 1399 487 1456 Haee
495 1400 600 1457 tamen
613 1395 828 1474 interpretatio
842 1395 1031 1474 praeoedenti
1045 1413 1114 1456 res-

177 1488 266 1550 triote
285 1505 348 1550 non
362 1488 540 1567 opponitur,
556 1486 822 1570 quandoquidem,
840 1491 875 1548 ut
890 1486 1113 1550 animadvertit

178 1583 295 1642 Suarez
314 1578 356 1659 (in
375 1597 431 1640 suo
449 1575 584 1640 tractatu
601 1578 640 1640 de
655 1578 800 1658 legibus),
812 1577 962 1659 justitiaa
971 1578 1042 1660 jure
1057 1579 1113 1640 de-

165 1673 258 1733 'rivat
271 1671 304 1732 in
318 1671 438 1732 ratione
461 1670 586 1752 objecti,
608 1689 645 1731 aa
667 1670 800 1731 subinde
824 1671 856 1731 in
873 1689 988 1750 genere
1008 1687 1111 1731 eausae

177 1764 290 1840 finalis,
305 1763 378 1824 lieet
393 1762 516 1843 justitia
534 1762 574 1823 sit
591 1779 686 1822 eausa
703 1761 841 1823 efficiens
858 1762 905 1823 sui
927 1761 1040 1842 objecti
1055 1780 1111 1822 seu

174 1872 264 1934 June.
936 1930 939 1938 ι

217 1947 254 2008 ll.
270 1947 388 2010 Verum
395 1943 480 2006 hisee
496 1943 741 2018 derivationibus
752 1944 837 2008 voois
846 1945 909 2027 jus,
921 1964 1015 2026 quam
1028 1963 1110 2006 oom-

177 2037 314 2099 muniter
332 2036 461 2098 tradunt
478 2035 702 2116 jurisconsulti,
724 2038 786 2099 alia
813 2038 886 2099 addi
905 2041 1017 2118 potest,
1040 2055 1109 2118 quae

178 2131 219 2191 ad
251 2129 406 2191 rationem
436 2128 663 2208 ontologioam,
692 2134 723 2191 et
756 2129 883 2208 quidem
908 2130 1107 2208 primariam,

173 2217 254 2303 juris
280 2239 337 2281 nos
359 2219 512 2300 perducit.
538 2221 573 2282 ln
597 2222 772 2282 vernaculis
797 2222 882 2282 enim
903 2221 1030 2300 linguis„
1057 2221 1110 2302 jus

179 2312 306 2392 (dinato,
324 2312 414 2388 droit,
431 2311 545 2387 dracho,
569 2311 662 2392 dript,
680 2313 753 2392 ete.)
775 2313 904 2375 averbo
918 2313 1015 2374 latino
1035 2313 1110 2373 diri-

177 2425 245 2485 pere
262 2405 358 2483 venit,
381 2409 412 2467 et
432 2403 543 2465 exinde
557 2404 701 2484 primitus
719 2405 923 2484 directionem
948 2424 1004 2466 seu
1027 2405 1110 2467 ordi-

178 2497 337 2559 nationem
369 2501 489 2558 reotam
517 2495 672 2557 adfinem
699 2497 908 2576 praestitutum
933 2497 1109 2576 significare

178 2590 312 2652 videtur.

218 2682 280 2743 Sed
292 2699 364 2742 oum
377 2698 485 2742 omnes
504 2681 709 2762 particulares
729 2683 819 2759 lines,
837 2701 916 2762 quos
936 2687 1021 2745 reete
1039 2701 1109 2764 pro-

178 2777 351 2854 sequuntur
381 2773 465 2834 entia
496 2777 611 2851 ereata,
641 2775 682 2835 ad
711 2775 807 2835 finem
830 2775 974 2835 ultimum
1000 2775 1108 2835 referri

178 2866 304 2942 dehent,
320 2866 355 2925 nt
365 2868 399 2925 ut
410 2865 460 2925 hie
471 2865 542 2924 finis
556 2865 596 2926 sit
607 2884 754 2944 suprema
767 2871 797 2927 et
813 2866 924 2927 ultima
935 2867 1046 2949 regula
1057 2885 1108 2928 eu·
1167 2875 1169 2878 ’

174 2957 274 3038 jusvis
292 2955 495 3017 ordinationis
516 2959 620 3034 reetae‚
641 2961 672 3019 et
687 2957 797 3018 exinde
811 2958 913 3037 prima
921 2958 1001 3039 juris
1014 2976 1109 3019 eausa

177 3051 209 3110 et
221 3049 312 3110 retia.
329 3050 411 3127 Ergo
424 3047 478 3128 jus
491 3048 634 3126 primitus
647 3049 796 3111 fundatur
812 3051 844 3110 in
863 3051 932 3130 ipsa
952 3051 1107 3111 essentiali

177 3157 283 3200 rerum
301 3139 495 3200 ordinatione
517 3141 555 3200 ad
579 3142 674 3200 finem
693 3141 861 3220 ultimum,
878 3162 933 3203 seu
953 3143 993 3203 ad
1006 3143 1108 3221 ipsum

177 3234 303 3293 Deum:
324 3234 371 3292 est
386 3231 469 3291 enim
489 3231 591 3310 prima
609 3233 762 3294 ordinatio
783 3234 900 3296 indicta
925 3253 1106 3314 asupremo

176 3341 283 3383 rerum
295 3323 473 3400 Conditore,
492 3342 547 3384 seu
569 3329 657 3386 aetus
672 3324 785 3387 divinar
797 3326 964 3388 voluntatis
980 3330 1105 3388 aeternae

177 3414 336 3496 sapientiae
348 3415 575 3495 respondentis.
