2484 4016
396 232 436 276 na
459 231 588 278 carrara
609 233 691 278 rums
714 231 869 278 cnuourcr.
1039 219 1098 280 299

162 373 222 444 sed
244 373 375 457 simplex
390 375 443 456 jus
464 376 669 442 coordinandi
684 376 788 436 media
803 376 907 436 civilia
921 395 978 458 pro
991 376 1099 438 defeu-

163 466 253 528 sione
269 467 362 548 hujus
373 469 609 548 jurisdictionis,
623 473 728 530 tamen
748 469 779 528 in
795 459 936 530 confesso
952 470 1098 550 estquod

163 561 383 624 ecclesiasticae
404 561 613 643 jurisdictioni
636 563 861 652 aliquantisper
888 564 1033 640 accedat,
1065 563 1097 624 in

163 657 319 733 quantum
327 674 439 734 nempe
452 655 602 735 importat
612 655 749 736 aliquam
762 659 949 736 potestatem
963 656 1098 718 activam

160 746 194 807 in
210 747 344 826 negotiis
360 749 577 810 ecclesiasticis
594 767 662 838 quaa
682 750 810 834 propria
822 768 885 810 non
899 752 945 811 cst
960 769 1097 811 commu-

161 839 211 900 nis
228 840 417 902 conditionis
431 841 600 917 laicorum;
627 861 689 931 qua
710 843 860 904 affinitate
873 844 908 904 Iit
921 845 957 908 ui
975 842 1096 904 facilius

161 950 220 1010 pro
247 933 396 994 Ecclesiae
421 935 582 996 advocatis
605 935 735 996 accedat
752 936 936 997 mandatum
951 955 1013 1016 quo
1027 955 1097 1014 pos-

161 1024 225 1086 sint
242 1025 381 1105 aliquam
397 1027 649 1108 jurisdictionem
673 1027 915 1090 ecclesiasticam
937 1046 1093 1109 exercere,

162 1136 234 1196 quae
259 1138 321 1179 non
345 1120 444 1181 soleat
458 1120 609 1181 accedere
624 1123 810 1182 caeterorum
822 1115 975 1183 laicorum
988 1119 1096 1182 condi-

159 1209 448 1290 tioniinEcclesia.
520 1237 522 1241 ·

202 1319 306 1389 Quare
322 1320 502 1400 contingere
527 1324 685 1406 potestat
708 1341 746 1382 ex
771 1321 917 1382 EcclesIae
945 1321 1094 1383 mandato

160 1412 230 1470 tum
258 1429 415 1490 expresso,
430 1417 498 1474 tum
521 1407 627 1492 tacito,
642 1417 711 1478 tum
725 1416 928 1494 praesumpto,
945 1412 1019 1473 huic
1030 1413 1094 1494 juri

160 1503 268 1584 aliqua
306 1503 518 1576 ecclesiastica
545 1507 721 1588 jurisdictio
760 1504 979 1567 demandetur.
1009 1506 1092 1584 Sed,

161 1598 195 1656 1⁰
211 1597 272 1657 hoc
295 1598 482 1660 mandatum
505 1619 568 1661 nun
581 1600 672 1661 facile
687 1599 942 1678 praesumendum
955 1601 1017 1675 est,
1039 1598 1094 1659 sed

157 1693 189 1750 2⁰
201 1689 477 1770 juxtalendentias
493 1711 570 1772 quas
584 1693 778 1762 demonstrat
797 1691 968 1753 advocatus
988 1691 1095 1759 Eccle-

158 1782 214 1843 siae
230 1785 484 1863 argencclesiam
493 1785 604 1864 ipsam.
615 1788 712 1847 Porro
721 1785 746 1846 si
758 1784 911 1866 ejusmodi
925 1783 1094 1845 tendentiae

159 1877 286 1937 omnino
300 1877 427 1942 hostiles
438 1877 614 1955 videantur,
629 1882 730 1940 cessat
750 1877 911 1960 quodlibet
922 1895 1093 1956 praesump-

159 1969 254 2030 tionis
269 1969 519 2031 fundamentum.
538 1972 627 2044 Quod
646 1970 671 2046 si,
686 1990 761 2042 vero
776 1970 916 2032 Ecclesia
937 1970 1006 2056 ipsa
1024 1989 1095 2050 ges-

158 2063 277 2124 tionem
287 2063 335 2124 sui
345 2064 516 2129 advocatus
527 2065 762 2142 condemnaret,
772 2068 847 2126 tunc
859 2063 1093 2154 quaelihetprae-

161 2157 297 2235 sumptio
310 2157 450 2230 mandati
463 2157 589 2238 omnino
603 2159 791 2240 destructur.
808 2169 809 2172 ’

469 2361 633 2406 ARTICULUS
659 2361 796 2406 TERTIUS.

472 2519 594 2600 [lejure
602 2525 787 2612 patronatus.

206 2697 284 2758 VIII.
296 2697 363 2760 Hoc
374 2695 426 2776 jus
439 2695 534 2757 verbo
549 2701 641 2756 tenus
656 2695 757 2776 ajure
772 2692 945 2755 advocatiae
959 2711 1022 2752 non
1034 2692 1094 2753 dis-

165 2789 328 2870 tinguitur,
345 2789 499 2868 siquidem
509 2793 659 2868 patronus
671 2783 755 2865 idem
771 2791 816 2848 est
829 2806 865 2849 ac
878 2785 1095 2864 advocatus,si

166 2884 250 2944 vocis
263 2885 422 2964 spectatur
436 2882 632 2962 significatio
652 2883 713 2944 Sed
729 2901 800 2943 cum
815 2900 873 2943 usu
887 2879 1095 2942 ecclesiastico

166 2976 333 3037 invaluerit
345 2979 380 3037 ut
393 2981 598 3054 patronorum
613 2976 738 3037 nomine
754 2973 983 3055 sIgnifi'caretur
996 2974 1096 3034 eccle-

167 3069 284 3129 siarum
298 3069 490 3146 fundatores,
504 3087 541 3138 ac
553 3069 686 3147 proiade
702 3068 828 3130 nomine
841 3070 1025 3146 patronatus
1042 3084 1097 3126 ve-

168 3162 232 3223 niat
260 3161 312 3242 jus
338 3162 421 3240 quod
449 3161 667 3223 fundatoribus
689 3161 871 3222 conceditur
895 3160 927 3219 In
949 3158 1096 3220 ccclesias

167 3273 231 3316 suae
242 3254 444 3333 fundationis,
462 3254 535 3316 inde
551 3254 694 3334 estquod
713 3253 832 3334 dejure
844 3255 1028 3331 patronatus
1043 3251 1096 3312 ali-

169 3367 230 3428 qua
244 3348 275 3406 iu
289 3347 391 3426 specie
405 3348 539 3409 dicenda
553 3353 635 3410 sunl.

205 3440 347 3517 Ecclesia
360 3441 426 3528 jam
441 3461 460 3503 a
474 3441 582 3521 primis
597 3441 729 3518 saeculis
746 3440 811 3500 sive
827 3441 861 3503 ut
873 3442 998 3521 gratum
1012 3438 1099 3500 exhi-
