2514 4014
313 287 420 336 aaaron
443 289 595 336 erneisus
615 291 698 338 rums
725 290 880 338 canorus.
1024 277 1063 336 tt

143 449 204 492 esse
218 449 343 510 semper
360 431 538 511 subjeetum
549 429 626 510 legis
640 432 874 507 ecclesiastem
892 433 948 494 sed
957 431 1064 496 distin·

141 543 231 602 gnere
241 527 413 602 oportetan
425 525 616 586 universales
627 526 889 604 valperticularcs
897 527 959 588 sint
965 526 1061 605 leges.

177 617 208 678 Si
233 616 362 696 quidem
375 617 426 677 lex
440 617 534 679 fuerit
544 618 714 696 generalis,
727 619 770 678 illi
785 618 991 699 subjiciantur
1002 636 1065 680 non

140 714 257 772 tantum
270 727 380 770 omnes
396 709 435 769 de
448 710 587 771 Ecclesia
601 711 656 772 sed
674 726 783 772 omnes
797 710 969 774 christiani.
987 714 1064 773 (lum

141 803 219 863 enim
233 821 299 862 una
313 801 353 862 sit
365 801 516 878 Ecclesia,
526 802 631 881 illique
646 821 814 866 nascamur
826 821 888 866 non
901 822 957 882 per
967 807 1065 866 exter·

141 915 209 955 nam
225 895 397 974 quamdam
422 894 664 972 adscriptionem
680 896 856 973 delebilem‚
880 897 935 957 sed
950 915 1007 975 per
1018 897 1066 956 in-

142 988 307 1049 delebilem
329 987 525 1064 baptismatis
547 987 764 1050 characterem
781 989 813 1048 in
829 989 933 1049 animo
960 992 1065 1050 nostro

140 1081 341 1159 impressum,
357 1079 432 1140 licet
457 1099 494 1138 ex
516 1080 690 1157 pertinacia
713 1084 820 1142 nostra
841 1079 1067 1142 constituamur

141 1178 224 1234 extra
238 1171 427 1233 catholicam
448 1171 718 1250 communionem,
730 1172 803 1253 jura
817 1173 944 1253 quidem
968 1173 1067 1234 cccle-

140 1264 252 1326 siastioi
275 1263 423 1324 consortii
443 1282 608 1341 possumus
629 1265 783 1340 amittere,
805 1266 942 1326 sednon
965 1264 1067 1326 officia

140 1358 251 1437 quihus
266 1355 455 1418 detinemur.

176 1450 274 1512 Sicuti
285 1449 369 1510 enim
383 1449 475 1526 filius,
491 1468 519 1510 e.
534 1469 579 1528 g„
593 1451 625 1511 in
642 1451 836 1514 naturalibus
848 1451 944 1514 hahet
953 1451 986 1513 in
998 1469 1067 1512 sen-

141 1543 243 1622 gninc‚
257 1543 291 1602 in
315 1542 447 1619 ossibus,
467 1543 626 1622 quoddam
651 1543 840 1606 elementum
866 1544 951 1624 quod
965 1544 1067 1622 ipsum

142 1636 263 1698 ordinat
275 1635 317 1695 ad
331 1637 453 1713 patrem
462 1635 568 1717 illique
582 1655 653 1696 eum
663 1636 768 1696 reddit
776 1635 953 1716 subjectum
964 1635 1067 1715 quoad

141 1729 277 1808 corporis
296 1727 395 1789 vitam
412 1728 530 1807 quoda
553 1731 642 1806 patre
667 1729 804 1806 accepit,
822 1727 866 1788 ita
880 1727 1067 1788 christianus

141 1823 235 1882 habet
246 1821 279 1880 in
296 1820 402 1880 anima
423 1839 480 1881 sua
499 1821 658 1900 quoddam
682 1821 800 1882 ordinis
823 1818 1068 1900 supernaturalis

142 1915 331 1974 elementum
346 1913 430 1992 quod
440 1912 601 1974 constituit
614 1931 687 1974 eum
701 1913 877 1994 subjectum
890 1911 1067 1974 auctoritati

142 2006 281 2085 corporis
296 2005 381 2085 quod
392 2024 411 2068 a
422 2005 544 2067 Christo
554 2005 731 2067 institutum
741 2011 788 2068 est
797 2005 837 2067 ad
847 2025 920 2068 eum
932 2006 964 2066 in
974 2007 1069 2067 finem

142 2118 232 2162 suum
249 2098 457 2178 dirigendum.
475 2100 645 2176 Propterea
659 2099 740 2161 sicut
752 2099 834 2160 lilius
853 2099 1001 2161 vecordia
1012 2115 1070 2158 sue

143 2191 378 2271 domnmpatris
389 2191 561 2252 deserendo
571 2183 824 2270 potestamittere
832 2191 981 2272 jnrafilii,
993 2208 1070 2251 nun·

144 2303 239 2366 quam
260 2287 366 2346 tamen
383 2287 485 2362 potest
497 2283 621 2350 evenire
637 2288 672 2346 ut
688 2284 805 2346 nonsit
827 2283 962 2363 amplius
975 2283 1068 2359 filius,

144 2379 193 2440 vel
205 2377 310 2438 officia
325 2375 437 2456 quihus
460 2393 537 2455 erga
549 2379 672 2453 patrem
686 2380 810 2440 tenetur
824 2377 965 2451 amittat;
982 2376 1026 2436 sic
1041 2377 1072 2436 et

144 2469 332 2532 christianus
353 2471 456 2548 potest
479 2467 606 2548 quidem
629 2489 646 2529 e
669 2473 811 2530 materno
831 2469 900 2531 sinu
924 2468 1070 2530 Ecclesia

145 2583 213 2624 sese
236 2562 410 2637 retrahere,
425 2565 455 2622 et
469 2561 512 2622 sic
525 2560 598 2641 jura
609 2561 665 2622 filii
680 2563 833 2640 amittere,
851 2580 1012 2643 nunquam
1024 2565 1072 2621 ta-

143 2675 218 2718 men
231 2655 334 2717 officia
345 2653 400 2715 filii
422 2673 498 2734 erga
518 2655 736 2718 auctoritatem
756 2656 876 2732 matris,
893 2655 997 2730 idest,
1014 2654 1073 2714 Ec·

146 2750 259 2811 clesiee.
277 2750 475 2826 Quapropter
504 2765 611 2816 omnes
627 2747 788 2811 christiani
803 2748 1001 2828 generalibus
1014 2748 1073 2809 Ec·

148 2843 249 2904 clesiae
261 2841 383 2920 legibus
396 2839 613 2920 subjiciuntur.

186 2937 238 2998 lV.
264 2933 295 2996 Si
322 2936 427 2994 autern
452 2933 491 2992 de
515 2932 755 3010 particularibus
767 2933 889 3014 legibus
903 2951 1006 2996 sermo
1020 2934 1071 3010 sit,

148 3027 190 3088 illi
214 3030 337 3088 tantum
350 3029 498 3087 tenentur
519 3025 571 3104 qui
588 3027 765 3089 auctoritati
779 3027 822 3087 illi
835 3027 1043 3107 subjiciuntur
1055 3043 1075 3087 a

150 3139 210 3200 quo
232 3120 303 3180 latae
324 3121 398 3180 sunt
415 3119 501 3196 leges
524 3117 595 3180 illae.
619 3119 669 3180 Sic
695 3120 928 3181 conrationales
953 3123 1076 3180 tantum

149 3216 304 3289 tenentur,
319 3212 345 3272 si
357 3212 407 3271 lex
421 3211 461 3272 sit
473 3211 556 3271 edita
568 3229 588 3270 a
601 3211 730 3274 concilio
746 3211 912 3284 nationali;
932 3230 1076 3292 compro*

152 3305 309 3381 vinciales,
327 3304 351 3364 si
367 3303 519 3381 asynodo
533 3303 716 3380 provinciali
731 3303 780 3364 vel
793 3304 932 3383 alegate
952 3309 1078 3384 aposto-

151 3398 227 3471 lico;
243 3396 423 3472 dioecesani,
448 3395 474 3455 si
496 3395 622 3457 decreta
637 3397 677 3457 ab
698 3395 843 3476 episeopo
859 3398 908 3461 vel
923 3417 942 3460 a
957 3399 1076 3478 synodo

153 3490 332 3554 decessus
343 3491 460 3551 statuta
472 3489 553 3552 sunt.
