2512 4012
157 273 217 336 268
364 251 593 334 msrrrurrouns
613 287 697 334 runrs
718 287 873 335 cnncnrcr.
977 283 979 288 ·

160 432 319 496 constituit
335 450 489 512 organum
507 433 653 512 generale
669 451 726 512 per
736 433 820 514 quod
834 436 994 495 Romanus
1009 433 1104 495 Pon-

158 527 234 589 tifex
270 524 508 587 necessitatibus
541 525 724 588 missionum
753 526 907 606 providet.
943 528 1100 604 Constat,

158 619 262 699 prouti
282 623 415 697 caeterae,
430 618 590 699 praefecto,
607 619 787 697 secretario,
802 622 861 681 eto.

198 712 260 775 Sed
280 729 352 773 cum
364 712 405 772 ad
429 711 530 790 ipsam
545 713 752 774 devolvantur
766 713 867 791 spolie
879 712 985 773 omnia
998 713 1101 773 dece-

158 805 300 868 dentium
315 805 516 882 clericorum,
545 811 661 884 prater
679 805 857 886 praefectam
884 805 1096 881 cardinalem,

160 897 481 978 Propagandaehabet
489 897 585 958 alium
599 898 791 959 cardinalem
798 898 975 979 praefectum
984 898 1102 978 spolio-

158 1011 236 1068 rum,
248 991 301 1072 qui
311 990 613 1053 administrationem
627 991 708 1070 gerit
724 991 962 1067 oeconomicam,
974 994 1032 1053 etc.

199 1085 344 1149 Urbanus
357 1085 435 1160 Vlll,
461 1084 501 1144 ad
516 1082 615 1146 instar
629 1084 833 1162 collegiorum
849 1083 947 1160 urbis,
967 1101 1098 1164 germa-

160 1177 220 1239 nici
245 1180 277 1238 et
286 1176 400 1255 anglici
425 1181 456 1238 et
478 1176 610 1238 alierum
624 1177 787 1238 nationum
801 1175 1021 1238 hereticorum
1035 1177 1096 1256 qui

159 1289 179 1332 a
197 1271 261 1332 suis
273 1269 490 1331 decessoribus
509 1269 639 1332 instituti
651 1271 786 1348 fucrant,
803 1269 970 1349 collegium
992 1269 1097 1332 erexit

92 1402 93 1405 =
159 1363 372 1444 propaganda
385 1362 470 1440 fidei,
495 1362 584 1443 cujus
606 1364 747 1442 regimen
766 1363 805 1423 ad
821 1363 903 1424 hanc
917 1379 1097 1442 congrega-

159 1457 278 1520 tionem
287 1459 418 1536 spectat.

151 1587 155 1592 -
200 1551 294 1613 XXV.
323 1552 408 1611 Duas
434 1549 510 1610 alias
540 1549 799 1630 congregationes
825 1548 957 1611 instituit
989 1550 1094 1612 Urba-

159 1661 218 1705 nus
233 1645 326 1708 vlll:

199 1739 249 1798 10⁰
269 1735 486 1798 Jurirdictioois
508 1744 537 1797 et
558 1735 751 1798 immanitatis
770 1737 977 1814 ecclesiasticae,
1002 1734 1095 1816 cujus

162 1829 301 1890 officium
316 1833 412 1891 estut
430 1832 555 1892 tueatur
568 1833 599 1891 ot
619 1829 767 1890 defendat
785 1829 1014 1891 immunitatem
1027 1835 1095 1889 'seu

158 1922 336 1984 libertatem
350 1922 437 1999 Iccio,
454 1922 544 1984 bonis
567 1925 599 1984 et
616 1923 775 2001 personis,
803 1923 950 1984 Ecclesia
965 1939 1096 2001 compo-

159 2017 278 2076 tentem
296 2015 412 2076 acivili
427 2013 655 2094 jurisdictione.
1032 2009 1036 2012 ’

202 2110 252 2170 ll⁰
280 2106 459 2168 Victoriana
477 2108 656 2188 apostolice,
680 2108 767 2189 cujus
789 2108 927 2170 officium
942 2111 989 2170 est
1003 2125 1095 2186 pera·

159 2199 254 2280 gendi
266 2199 475 2262 visitationem
489 2201 632 2262 dioecesis
642 2219 792 2278 romana,
805 2201 908 2281 prouti
920 2201 1094 2262 secundum

159 2309 295 2354 canones
323 2295 355 2354 et
367 2292 541 2372 praesertim
558 2293 684 2355 concilii
692 2294 877 2370 Tridentini,
890 2294 1006 2355 dehent
1020 2293 1093 2354 visi-

158 2390 225 2448 tare
248 2385 396 2448 ordinarii
418 2388 559 2449 locorum
587 2405 643 2465 per
664 2405 697 2447 se
721 2388 771 2449 vcl
786 2405 843 2466 per
856 2405 930 2447 suos
943 2385 1088 2448 vicarios.

161 2481 238 2553 Cum
253 2482 358 2541 autem
371 2483 530 2542 Romanus
543 2479 685 2542 Pontifex
698 2480 738 2541 ob
757 2480 944 2559 multiplices
958 2497 1093 2558 oocupa-

161 2573 262 2634 tiones
276 2591 333 2651 per
358 2593 391 2633 se
407 2575 488 2634 hanc
508 2573 718 2634 visitationem
735 2591 796 2635 non
812 2575 914 2652 potest
928 2590 1091 2652 peragere,

162 2670 194 2728 et
208 2684 322 2727 canon
349 2666 625 2746 comprehenditur
640 2666 671 2726 in
698 2666 898 2728 facultatibus
927 2663 1094 2726 cardinalis

161 2757 270 2820 vicarii
285 2757 317 2816 in
339 2758 434 2834 Urbe,
448 2759 519 2818 ideo
544 2758 662 2837 placuit
677 2760 803 2822 Urbano
827 2761 896 2821 Vlll
911 2761 946 2819 ut
966 2758 1093 2819 cuidam

161 2848 338 2930 specialiter
349 2850 409 2910 hoc
425 2850 629 2930 deputaretur
655 2851 900 2931 congregationi.
919 2853 1094 2930 Eapropter

162 2942 240 3002 dare
255 2940 354 3002 voluit
368 2942 472 3002 locum
487 2942 584 3003 fixum
599 2947 631 3005 et
645 2944 788 3005 stabilem
803 2944 835 3004 in
849 2944 909 3004 hac
922 2962 1093 3023 congrega-

160 3035 245 3098 tione
268 3036 336 3094 tum
358 3035 510 3096 cardinali
528 3035 657 3114 vicario,
684 3039 752 3099 tum
782 3037 866 3098 vices
891 3038 1025 3116 gerenti,
1040 3036 1093 3116 qui

160 3129 388 3206 repraesentant
402 3127 434 3188 in
451 3129 535 3190 Urbe
562 3128 773 3190 dioecesanam
788 3131 922 3192 Romani
936 3129 1095 3191 pontificis

161 3220 393 3292 auctoritatem.

201 3314 310 3376 Differt
323 3333 342 3375 a
355 3315 475 3377 caeteris
491 3316 786 3396 congregationibus
799 3316 831 3376 in
845 3320 998 3397 quantum
1011 3315 1095 3376 illius

161 3407 300 3468 officium
315 3426 378 3468 non
396 3410 575 3470 extenditur
589 3410 630 3470 ad
648 3409 828 3470 universam
843 3409 1026 3486 Ecclesiam,
1039 3409 1094 3469 sed

162 3499 202 3558 ad
240 3517 404 3560 romanam
439 3503 560 3562 tantum
603 3500 774 3562 dioecesim.
804 3502 924 3564 Gaudet
951 3499 1095 3581 pluribus
1149 3541 1152 3546 -
1243 3569 1244 3592 ἦ
