2512 4012
158 249 214 308 194
366 261 595 308 rusrrrurronns
615 261 699 306 aunis
721 259 875 304 canonici.

156 403 301 480 rationis,
319 404 461 483 adeoque
477 404 517 464 ed
530 403 648 464 ordinis
662 419 806 463 normam
815 400 973 479 competi.
992 401 1092 480 Atqui

157 496 257 560 ordini
275 499 447 576 repugnat,
464 500 497 557 ut
512 499 568 573 e'a,
591 515 660 576 qaae
677 496 717 555 ad
733 493 876 556 ordinem
891 494 1092 573 superiorem

156 589 332 668 pertinent,
361 589 527 669 quisquam
554 589 695 665 ordinet,
718 606 754 648 ac
780 587 976 648 determinet.
1003 589 1092 666 Ergo

154 683 206 762 jus
219 681 385 742 ordinandi
400 700 437 742 ao
450 681 679 743 determinandi
695 699 754 757 ea,
780 697 850 760 queo
867 679 1024 758 pertinent
1046 679 1091 739 ed

159 775 301 835 ordinem
322 774 527 852 superiorem,
543 775 575 834 in
591 774 738 835 societate
754 790 898 832 essenon
913 775 1024 850 potest.

197 890 211 924 a
230 869 246 928 J
250 883 301 927 am
313 885 388 928 vero
408 886 444 926 ex
459 865 610 944 praedicta
622 866 760 945 generali
770 866 881 944 regula
891 867 992 926 totum
1005 864 1091 925 evol·

158 961 241 1021 uitur
250 959 412 1038 potestatis
425 963 573 1037 systema,
587 978 682 1038 quam
694 958 834 1036 perfecte
848 957 980 1018 societas
992 957 1093 1017 habet

160 1053 189 1112 io
202 1069 284 1127 saos‚·
299 1051 454 1129 siqnidem
473 1051 639 1130 adaquata
654 1051 764 1134 divisio
782 1069 819 1110 ex
842 1067 880 1110 ea
893 1047 1019 1128 profluit
1033 1067 1094 1127 po-

158 1143 277 1205 testatis
293 1142 449 1221 ejusdem,
468 1162 538 1221 qnae
552 1143 642 1204 estin
656 1144 823 1224 lepiseram,
840 1141 1090 1222 injudiciariam,

159 1240 189 1297 et
201 1237 233 1295 in
243 1235 411 1296 coactivam.
424 1234 513 1296 Prot.
526 1238 572 1296 Ex
585 1238 695 1315 regula
706 1236 845 1316 generali
857 1238 924 1296 tota
938 1239 1090 1314 potestate,

160 1347 253 1408 quam
270 1327 301 1388 vi
314 1345 378 1388 suae
393 1331 512 1390 naturae
527 1329 659 1390 societas
682 1329 821 1408 perfecta
842 1329 938 1388 hahet
958 1329 988 1387 io
1009 1348 1089 1405 suos,

160 1421 299 1483 consistit
320 1421 353 1480 in
375 1420 446 1501 jure
473 1422 636 1501 exigendi,
658 1441 728 1502 quoe
753 1421 930 1490 necessaria
953 1424 1026 1481 sunt
1051 1422 1092 1482 ἃᾶ

159 1518 254 1576 finem
269 1516 360 1594 plene
373 1515 614 1594 assequendum.
632 1515 726 1594 Atqui
740 1514 780 1575 ad
796 1517 891 1575 finem
902 1515 993 1592 plene
1007 1531 1089 1575 asse-

89 1676 91 1688 ,
160 1608 320 1688 quendum
333 1607 395 1668 tria
407 1609 476 1669 haee
490 1611 612 1670 tantum
627 1609 829 1687 requiruntur
845 1628 851 1669 :
868 1611 900 1668 1⁰
911 1611 946 1668 ut
961 1607 1088 1684 media,

162 1719 231 1780 quae
255 1702 295 1762 ἃᾶ
319 1702 414 1761 finem
429 1701 630 1779 conducunt,
649 1701 835 1780 obligatorio
855 1701 950 1761 modo
975 1717 1091 1778 propo-

163 1798 295 1868 nentur;
315 1798 349 1854 2⁰
363 1798 398 1856 ut
421 1814 491 1874 qnae
511 1795 671 1874 proposita
692 1796 781 1871 sunt,
798 1794 877 1870 rite,
897 1793 929 1853 id
947 1793 1092 1872 estjuxte

162 1905 236 1946 eum·
246 1886 376 1947 modum
389 1905 588 1964 assensum,
613 1907 674 1966 quo
696 1889 822 1948 fuerunt
841 1886 1019 1965 proposita,
1038 1905 1092 1964 ap·

161 1979 331 2057 plicentur;
348 1981 426 2039 3⁰ut
439 1984 605 2041 renuentes
622 1981 733 2040 eadem
748 1980 924 2059 applicare,
948 1979 979 2040 vi
1001 1978 1093 2039 adhi-

160 2072 242 2148 bita,
261 2075 432 2151 cogantur,
454 2071 659 2150 impedientes
675 2077 898 2146 coerceantnr3
919 2091 957 2132 ex
979 2072 1093 2150 quibus

161 2165 297 2242 primum
312 2165 473 2226 constituit
490 2168 678 2245 potestatem
693 2166 863 2246 dapiferum,
891 2165 1025 2226 alterum
1039 2164 1092 2243 ja·

37 2311 40 2322 ‚
161 2256 332 2330 dictoriam,
348 2256 477 2317 tertium
489 2259 658 2320 coactivam.
676 2260 758 2338 Ergo
774 2260 940 2338 adaquata
955 2260 1093 2336 potesta-

160 2350 198 2412 tis
226 2348 353 2427 divisio,
381 2369 475 2430 quam
495 2352 528 2412 vi
553 2371 617 2412 suae
646 2342 766 2412 naturae
791 2353 924 2414 societas
951 2351 1095 2429 perfecta

161 2442 257 2502 hahet
270 2441 402 2520 insane,
417 2443 450 2503 in
468 2444 613 2522 legifera,
635 2445 668 2504 in
689 2443 874 2524 judiciaria,
898 2443 929 2502 in
951 2443 1095 2504 coactive

161 2537 315 2614 potestate
329 2536 494 2616 adaequate
511 2537 698 2599 continetur.

201 2651 215 2687 n
242 2631 286 2688 De
298 2629 358 2689 hac
372 2629 468 2707 igitur
482 2629 595 2708 triplici
614 2631 776 2708 potestatis
789 2629 894 2708 specie
912 2628 1094 2708 singillatim

159 2720 226 2798 jam
241 2723 287 2781 est
300 2721 469 2800 agendum.

201 2813 291 2872 VI.»
326 2812 371 2872 Dc
393 2820 538 2892 potestate
563 2814 697 2895 lepifera.
727 2818 866 2877 Potestas
896 2814 1020 2894 dapifera
1048 2819 1095 2875 est

156 2905 299 3059 {potestas
313 2906 509 2983 proponendi
525 2907 710 2986 obligatorio
730 2908 824 2969 modo
841 2927 910 2987 quae
938 2907 977 2968 ad
997 2907 1094 2968 socie-

194 2996 233 3060 tis
247 2998 342 3058 finem
357 2999 589 3083 assequendum
601 3004 673 3061 sunt
688 3001 874 3061 necessarie.
889 3003 956 3072 Qua
967 3000 1093 3061 notione

162 3090 280 3168 posita,
295 3090 344 3152 hee
358 3092 585 3170 propositiones
601 3094 709 3170 artie,
734 3111 804 3174 qnae
816 3093 883 3174 jam
900 3093 1091 3168 dictasunt,

55 3253 57 3259 y
163 3181 335 3245 dimanant.

201 3295 215 3330 n
250 3277 281 3335 1⁰
302 3276 436 3338 Potestas
463 3278 587 3358 lepifeca
617 3279 750 3339 societati
771 3280 917 3360 perfectae
938 3277 1096 3339 certissime

164 3365 195 3427 in
215 3386 279 3428 saos
306 3372 452 3450 competit.
482 3371 573 3432 Prot.
598 3373 753 3450 Competit
774 3373 913 3434 societati
946 3371 1093 3450 perfectae

161 3459 213 3538 jn's
228 3459 372 3538 exigendi
383 3481 402 3522 a
414 3463 477 3522 suis
493 3463 645 3543 quidquid
659 3465 870 3525 accesserim
885 3467 932 3525 est
943 3463 983 3525 ad
998 3465 1093 3523 tinem
