2546 4016
163 237 221 300 138
373 248 602 297 rnsrrrurrorns
622 249 705 296 sums
727 247 879 296 curemur.

163 393 372 470 observantia,
396 409 558 471 nunqnam
578 392 681 470 legem
705 391 746 454 ad
767 389 910 466 ridicula,
927 387 1023 467 impia
1042 387 1092 448 vel

162 485 368 567 impossibilia
379 484 562 564 protrahere
573 485 677 546 dehet.

202 579 281 640 Hine
293 579 435 659 sequitur
447 577 648 639 corollarium
662 596 797 658 sequens
814 598 820 637 :

202 671 432 750 Indulgendum
446 673 493 732 est
507 670 674 732 extensivae
688 671 737 732 vel
748 668 929 730 restrictiva
940 668 1094 746 interpre-

162 762 283 840 tationi,
298 763 430 844 quoties
446 783 483 824 ea
492 781 555 824 non
569 763 722 840 faeta,lex
734 763 775 824 ad
787 761 918 837 inutilia,
933 761 974 821 ad
987 760 1091 837 noxia,

162 858 203 920 ad
217 856 314 936 impia
327 858 377 919 vel
393 857 434 918 ad
447 857 653 934 impossibilia
666 856 855 917 traheretur.
869 854 945 915 Inde
956 871 1094 933 sequun-

162 955 214 1013 tnr
228 950 374 1030 quaedam
393 950 510 1028 regnlae
535 948 729 1012 secundaria
755 965 825 1029 quae
851 947 952 1008 soient
972 946 1004 1006 in
1021 945 1093 1026 jure

163 1043 303 1122 allegari,
326 1063 357 1104 v.
378 1061 409 1120 g.
427 1061 439 1102 .·
463 1041 515 1102 obi
535 1040 634 1102 eudon
655 1049 697 1102 eet
714 1041 803 1117 ratio,
825 1039 923 1101 eodem
946 1038 1095 1100 essedebet

157 1136 239 1216 jutta
253 1134 413 1214 depositio.

203 1226 1093 1304 Item:similtomeodemestrotio;itemzioomnibuecauso,

161 1321 263 1402 potior
276 1329 319 1381 est
329 1320 406 1380 ratio
415 1319 564 1401 requitatis
577 1340 665 1402 qoam
678 1321 778 1381 stricti
782 1320 866 1401 juris
881 1319 967 1400 (quia
980 1338 1095 1398 nempe

164 1432 322 1474 summum
330 1412 382 1492 jus
396 1431 519 1474 summa
532 1413 614 1475 foret
628 1413 767 1493 injuria).
780 1416 878 1474 Item:
894 1412 973 1494 qood
981 1432 1039 1472 ooo
1052 1419 1095 1472 est

164 1506 278 1568 licitum
289 1507 319 1568 to
332 1507 403 1586 leffe,
421 1506 534 1567 licitam
546 1506 622 1587 sarit
636 1503 786 1568 deterritos
798 1509 870 1582 ,aut
882 1506 958 1566 alias
970 1526 976 1566 :
989 1504 1029 1564 od
1041 1504 1094 1565 im-

159 1598 297 1680 possibile
311 1619 392 1661 oeno
398 1607 496 1680 potest
509 1598 646 1679 obltport.
660 1601 738 1662 Item
753 1618 764 1660 .·
777 1599 826 1659 eoi
838 1598 906 1660 licet
919 1617 1002 1679 posse
1010 1597 1092 1681 plor,

160 1700 259 1773 potest
273 1693 322 1754 ille
342 1701 371 1752 et
394 1693 499 1754 minua.
519 1691 693 1753 Portenta
716 1700 775 1752 toto
799 1692 952 1769 contineri,
971 1712 1029 1752 oon
1052 1699 1096 1752 est

165 1785 295 1862 dubium,
315 1789 347 1846 et
365 1785 428 1846 alia
439 1784 619 1866 hujusmodi
634 1803 704 1865 quae
719 1785 820 1846 solent
829 1785 938 1865 injure
951 1784 1092 1863 allegari.

165 1881 220 1939 Hae
234 1882 340 1939 temen
354 1895 462 1938 omnes
477 1877 595 1956 regula
610 1878 726 1938 adhue
741 1877 928 1956 principium
946 1877 1094 1957 generale

165 1969 410 2032 subordinantur
430 1969 514 2048 quod
533 1969 677 2030 voluntas
695 1969 892 2049 legislatoris,
905 1971 945 2031 ed
960 1969 1092 2045 inutilia,

166 2068 239 2141 eto,
252 2080 315 2123 non
323 2062 418 2124 debet
429 2061 570 2142 protrahi
581 2082 589 2136 ;
600 2066 631 2124 et
642 2062 673 2122 in
686 2066 808 2124 tantum
820 2063 926 2124 valent
934 2063 1052 2142 regulae
1061 2061 1095 2122 in

166 2161 317 2236 quantum
332 2155 520 2234 principium
532 2155 609 2216 illud
623 2155 811 2217 verificatur.

204 2250 255 2310 111.
269 2253 324 2308 2¹¹¹*
338 2248 451 2309 Theor.
477 2247 612 2308 Voluntas
629 2248 804 2328 leptolotoris
816 2249 1011 2330 presumitur
1022 2267 1095 2308 sem-
1134 2309 1136 2314 ,

159 2339 363 2422 perproclivis
376 2339 417 2400 ad
434 2359 468 2400 eo
485 2357 551 2421 qooe
567 2339 674 2402 tabent
691 2341 822 2420 savorem
836 2341 929 2421 jorio,
945 2340 1096 2402 contrario

166 2435 202 2496 os
214 2453 281 2516 quoe
287 2433 371 2514 juris
381 2433 479 2494 odium
493 2433 609 2495 tabent.

205 2527 294 2589 Ratio
319 2526 474 2605 generalis
502 2530 549 2588 est
570 2527 643 2606 quia
660 2527 830 2607 legislator,
848 2533 998 2609 tanquam
1013 2526 1095 2607 juris

165 2625 269 2684 eustos
281 2623 312 2681 et
332 2619 456 2697 vindex,
478 2620 678 2700 praesumitur
692 2639 817 2699 semper
839 2625 923 2683 stare
944 2639 1002 2700 pro
1014 2620 1095 2701 juris

165 2713 363 2776 observantia
386 2731 548 2792 quousque
563 2713 755 2774 eontrarium
774 2733 837 2775 non
850 2715 1090 2777 demonstretur.

206 2806 268 2868 Sed
280 2805 556 2867 indeterminatum
571 2810 618 2867 est
632 2806 692 2867 hoe
702 2807 866 2868 theorema
879 2807 937 2868 nisi
960 2807 1094 2887 explice-

165 2905 216 2964 tur
229 2917 338 2960 sensus
358 2897 482 2958 illorum
500 2898 690 2960 verborum:
715 2899 857 2960 favorem
873 2900 963 2979 legis,
987 2899 1092 2961 odium

164 2993 252 3074 legis.
279 2993 387 3073 Itaque
404 2992 540 3070 quatuor
557 2996 631 3053 sunt
653 2991 829 3071 generatim
852 2993 1093 3073 loquendoque

161 3087 242 3167 juris
251 3086 391 3147 favorem
404 3083 532 3161 habent,
540 3086 572 3145 et
585 3083 700 3146 iterum
707 3087 843 3166 quatuor
853 3089 926 3147 sunt
939 3103 1009 3165 quae
1014 3085 1094 3166 juris

163 3179 410 3240 odiumhabent.

205 3274 235 3332 1⁰
250 3271 352 3332 Habet
363 3271 504 3332 savorem
521 3268 601 3349 juris
621 3269 689 3349 ipsa
711 3271 761 3331 lex
789 3269 990 3348 praeexistens
1015 3290 1022 3331 :
1047 3273 1095 3331 est

166 3364 250 3427 enim
260 3363 313 3444 jus
327 3363 440 3441 ipsum.
458 3366 491 3422 2⁰
502 3362 605 3426 Habet
618 3363 759 3424 favorem
773 3363 851 3442 legis
870 3364 996 3443 publiea
1013 3362 1093 3423 utili-

165 3462 223 3536 tas,
236 3456 301 3519 sive
312 3455 468 3534 religiose,
484 3455 549 3517 sive
564 3454 783 3534 politica:finis
793 3455 876 3516 enim
882 3455 962 3536 juris
974 3455 1093 3518 bonum
