2514 4014
141 304 181 364 50
353 315 582 362 rusurrurronss
602 316 685 362 rums
708 313 865 363 ennonrer.

142 460 276 536 rimam,
305 458 442 520 rationes
471 461 502 520 et
532 460 650 522 motiva
677 457 794 540 quibus
820 460 889 540 ipsa
915 459 1082 539 dispositio

143 553 261 628 nititur,
274 551 433 612 deducunt
445 552 629 632 scriptisque
645 553 801 627 reddunt3
817 553 900 614 unde
912 556 1001 632 patet
1012 553 1082 614 haec

143 645 332 706 motivanon
343 663 558 724 semperveree
568 645 770 708 rescribentis
780 645 943 708 intentioni
953 665 1083 724 respon·

144 739 229 799 dere.
243 739 278 798 lu
293 738 359 799 sola
369 738 465 817 igitur
475 739 656 816 dispositiva
670 739 762 818 parte
777 739 919 817 rescripti
932 740 1083 800 substau-

144 831 188 891 tiu
200 829 351 891 contineri
366 831 502 891 tenenda
518 835 574 908 est,
591 831 662 892 ideo
673 832 744 894 sola
754 832 806 912 jus
816 831 901 893 facit.

184 925 216 983 3⁰
237 923 423 1003 Rescriptum
436 923 512 984 dese
525 924 693 1004 nullumjus
707 925 797 1003 sarit,
812 924 840 984 si
850 925 913 1004 ipsa
933 924 1084 1003 sactorum

145 1017 286 1097 aeiJ'unctn
313 1037 371 1076 non
398 1016 598 1097 respondeant,
617 1017 723 1077 saltem
750 1017 848 1098 quoad
864 1017 1082 1092 substantialia,

146 1111 389 1191 narrationique
401 1110 573 1170 rescribenti
584 1108 646 1190 suit
655 1111 823 1191 proposita.
834 1111 972 1172 -Ratio
988 1110 1083 1191 hujus

147 1203 229 1264 tertii
256 1203 411 1264 corollarii
427 1206 474 1263 est
488 1202 562 1282 quia
582 1203 672 1264 siculi
696 1203 860 1282 responsio
882 1204 1017 1282 analoga
1034 1208 1084 1265 est

145 1295 394 1374 interrogationi,
411 1295 455 1355 ita
469 1296 614 1356 voluntas
632 1297 835 1358 rescribentis
848 1316 916 1357 sese
930 1297 1027 1357 refert
1041 1296 1083 1356 ad

146 1388 233 1448 illum
261 1405 369 1448 casum
398 1387 607 1466 propositum,
632 1391 730 1466 prout
752 1408 863 1450 revera
887 1388 1083 1468 propositum

147 1484 204 1543 cst.
234 1480 409 1541 immutatis
441 1498 517 1542 vero
551 1481 655 1560 quoad
690 1481 899 1543 substantiam
927 1481 1082 1542 factorum

147 1573 320 1655 adjunctis,
338 1572 463 1634 diversa
480 1573 640 1652 responsio
662 1572 752 1635 foret.
774 1573 864 1635 Unde
888 1575 974 1652 patet
996 1573 1083 1652 quod

148 1668 179 1728 in
189 1667 243 1729 tali
259 1685 334 1729 casu
344 1667 531 1746 rescriptum
542 1685 605 1729 non
618 1665 821 1746 praesumitur
840 1665 956 1727 habere
969 1683 1025 1744 pro
1048 1683 1081 1725 se

152 1762 346 1823 voluntatem
359 1760 568 1821 rescribentis

188 1853 277 1914 Unde
294 1853 387 1913 etiam
403 1851 602 1912 inferendum
617 1851 675 1913 erit
687 1849 802 1931 (ethos
812 1852 986 1931 inutraque
998 1851 1080 1932 jure,

149 1945 231 2006 civili
260 1963 373 2022 nempe
402 1948 434 2004 et
456 1944 619 2022 canonico)
645 1944 733 2024 quod
748 1964 824 2006 vera
844 1945 996 2024 rescripta
1010 1944 1082 2005 suh·

147 2036 485 2110 intellectamhabeant
500 2037 683 2114 clausulam,
701 2038 729 2099 si
744 2057 820 2099 vera
836 2038 897 2099 sint
907 2038 1078 2117 proposita.

84 2135 96 2144 “
149 2132 347 2209 Quapropter
370 2131 492 2190 constat
506 2148 602 2208 penes
624 2130 790 2210 utriusque
808 2131 889 2210 juris
911 2130 1080 2206 consultos

149 2223 233 2303 quod
255 2223 280 2282 si
293 2223 439 2302 precibus
454 2223 495 2284 sit
509 2222 632 2302 adjecta
647 2223 778 2300 falsitas,
797 2224 882 2303 quod
897 2221 1081 2302 pragmatici

110 2319 113 2327 '
148 2315 257 2376 dicunt
284 2314 437 2395 obrepere,
459 2316 509 2376 vel
530 2316 555 2376 si
583 2316 623 2376 sit
647 2331 818 2396 suppressa
842 2317 967 2392 veritas
998 2315 1082 2394 quod

148 2407 243 2470 iidem
264 2408 374 2470 dieunt
400 2407 570 2490 subrepere,
591 2409 663 2470 talis
691 2413 798 2470 autem
823 2409 863 2470 sit
888 2408 1007 2469 falsitas
1029 2411 1084 2468 aut

146 2501 262 2562 veritas
291 2519 362 2580 quae
388 2502 508 2563 recidat
538 2501 571 2561 in
597 2502 805 2564 substantiam
830 2502 1002 2576 factorum,
1034 2518 1083 2560 re-

146 2594 298 2673 scriptum
321 2593 366 2654 sic
393 2594 557 2656 obtentum
584 2594 699 2654 nullius
722 2595 757 2655 at
776 2594 944 2672 ponderis,
972 2595 1003 2654 et
1025 2610 1082 2670 pro

149 2688 234 2747 nullo
259 2687 404 2749 habetur.
429 2690 517 2748 Tune
541 2687 624 2747 enim
649 2685 762 2748 dicitur
780 2687 921 2766 obreptio
936 2686 986 2747 vel
1010 2685 1085 2745 sub-

148 2780 247 2857 reptio
258 2779 291 2839 iu
306 2779 376 2858 ipsa
390 2779 533 2859 rescripti
548 2779 765 2841 substantialia
782 2780 906 2840 eadere.

189 2875 262 2933 Hes
277 2871 345 2951 ipsa
360 2872 580 2934 substantialia
594 2873 710 2934 debent
734 2872 847 2952 respici
866 2872 898 2932 in
914 2870 1022 2933 ordine
1043 2869 1083 2930 ad

149 2965 344 3027 voluntatem
371 2965 583 3026 rescribentis.
615 2969 689 3026 Haeo
718 2969 824 3026 autem
850 2957 994 3027 voluntas
1020 2981 1083 3023 non

148 3063 255 3138 posset
269 3061 320 3120 vel
341 3076 406 3119 non
421 3059 537 3119 soleret
549 3077 661 3120 revera
675 3060 771 3120 talem
795 3077 829 3119 se
851 3057 979 3133 habere,
993 3055 1082 3116 sicuti

149 3171 182 3212 se
198 3152 295 3215 hahet
317 3153 351 3214 in
366 3152 570 3232 responsione
585 3151 672 3229 daia,
690 3151 715 3212 si
731 3151 814 3214 facti
826 3149 1001 3211 substantia
1021 3165 1082 3208 non

148 3244 316 3305 immutata
331 3245 435 3307 fuerit.

187 3340 218 3396 4⁰
240 3337 333 3399 Unde
349 3337 511 3401 inferimus
529 3338 626 3418 (quod
647 3337 794 3418 quartum
808 3337 856 3396 est
870 3330 1080 3410 corollarium)

149 3427 227 3510 quod
251 3429 370 3490 etiamsi
381 3429 459 3508 sacti
471 3431 616 3506 neuntio,
639 3429 736 3511 quood
751 3427 942 3489 occidentalia
957 3432 1080 3498 tentum,

149 3522 306 3584 immutata
332 3521 437 3602 fuerit,
455 3529 533 3598 tunc,
549 3524 577 3585 si
594 3523 647 3584 boe
664 3522 741 3583 malo
764 3521 823 3602 fide
846 3520 959 3600 sariunt
976 3517 1080 3598 fuerit,
