2546 4016
99 282 101 286 ι
154 243 213 308 tot
357 245 595 304 ⁴niernum-roam
615 253 697 302 roms
720 251 873 300 ornemur.

93 440 97 449 ·
196 409 226 466 2·
248 402 320 465 Sine
331 402 505 483 possessione
512 401 703 484 praeserptio
715 419 773 460 non
788 397 935 480 procedit.
957 400 1088 462 Nomine

155 495 360 578 possessionis
372 495 458 558 venit
468 494 563 557 etiam
573 495 661 575 quasi
675 493 830 574 possessio
839 491 870 553 in
882 493 977 554 rebus
987 492 1090 555 ineer-

152 589 323 670 penalibus,
339 607 394 650 seu
405 588 539 670 juribus.
553 588 642 651 Unde
657 587 732 667 quia
743 585 841 647 laicus
856 603 919 647 non
930 589 977 648 est
987 605 1089 666 eapex

152 681 332 764 possidendi
342 681 527 761 spiritualia,
543 682 614 743 ideo
630 679 834 760 praesoribere
844 679 956 759 nequit
963 679 1015 761 jus
1031 679 1092 740 eli-

152 775 258 856 gendi,
286 775 481 852 instituendi,
508 773 714 836 confirmandi
739 772 868 834 elericos
883 792 890 847 ;
908 772 988 834 bene
1010 790 1090 838 vero

149 867 201 949 jus
215 871 417 947 patronatus,
435 887 490 929 seu
505 867 733 947 praesentandi,
750 866 790 926 ed
806 865 888 946 quod
904 865 975 926 laici
991 883 1092 945 gene·

152 961 261 1022 raliter
273 979 292 1020 a
300 959 372 1041 jure
387 959 540 1022 habilitati
556 964 639 1023 sunt.

192 1057 222 1116 3·
241 1052 334 1114 Nemo
349 1060 448 1132 potest
469 1052 510 1112 od
527 1051 703 1133 impossibile
723 1053 860 1134 otlipori,
877 1053 942 1114 sive
960 1052 1035 1131 quid
1046 1053 1089 1114 sit

152 1145 344 1226 impossibile
359 1163 396 1205 eor
410 1153 529 1222 notura,
539 1149 575 1207 ut
584 1143 744 1208 hominem
753 1146 871 1223 volare,
895 1145 960 1206 sive
972 1145 1087 1225 impos-

150 1237 238 1300 sibile
252 1237 287 1298 de
300 1235 390 1316 forto,
407 1240 472 1299 uta
487 1237 632 1299 mendino
649 1237 716 1299 deri
732 1237 837 1299 denies
858 1237 943 1298 mille
958 1255 1083 1314 aureos,

152 1330 216 1392 sive
229 1329 419 1409 impossibile
435 1329 546 1412 dejure
557 1349 613 1391 seu
627 1334 718 1410 turpe
732 1334 842 1393 eontra
858 1331 911 1413 jus
926 1331 1084 1408 divinum,

152 1427 206 1485 aut
224 1423 417 1500 humanum,
443 1427 477 1487 ut
501 1424 632 1504 obligari
659 1423 700 1484 ad
720 1424 900 1502 iurandum,
925 1423 1085 1486 fornican-

152 1517 238 1594 dum,
256 1520 314 1578 ete.
328 1515 408 1577 Nom
422 1535 487 1598 quor
501 1524 604 1578 contro
619 1517 703 1578 bonos
717 1535 811 1578 mores
820 1517 908 1598 finnt,
925 1535 976 1578 neo
988 1517 1089 1598 ferere

151 1630 201 1671 nos
209 1629 294 1691 posse
308 1609 479 1670 eredendum
490 1618 548 1672 est.

190 1707 220 1763 4·
240 1701 437 1782 Prior'lepiorn
442 1701 596 1783 personale
605 1721 761 1783 personam
775 1701 921 1784 sequitur,
938 1710 967 1764 et
987 1701 1086 1763 entin-

150 1795 256 1876 por‘ter
284 1815 349 1856 erem
367 1814 505 1876 persono.
527 1798 568 1857 At
592 1795 793 1876 privilegium
821 1795 905 1856 reate
931 1795 1088 1858 inhaerens

152 1890 266 1966 castro,
278 1889 506 1965 communiisti,
522 1887 677 1968 dignitati,
687 1889 737 1950 vel
752 1889 840 1950 alteri
850 1888 907 1966 rei,
925 1888 1087 1950 transited

152 1999 358 2044 suooessores.
375 1981 541 2062 Privilepr'o
562 1980 695 2063 quodem
721 1999 824 2043 oausae
852 1987 930 2058 sent,
948 2000 1002 2042 seu
1023 1981 1086 2056 rei,

151 2073 284 2156 qeoedom
294 2091 454 2156 personae:
469 2082 497 2134 et
510 2073 571 2136 ideo
586 2074 719 2156 quendem
733 2073 774 2134 od
785 2073 928 2136 heredem
939 2073 1090 2135 transmit·

154 2175 257 2228 tenter
270 2186 336 2248 quer
357 2186 450 2229 eonsoe
463 2175 549 2244 sunt;
564 2187 629 2250 quor
638 2185 773 2249 persone
796 2175 865 2229 sent
885 2167 1087 2230 oddoeredem
1168 2161 1171 2168 “
1266 2153 1267 2162 ¹

151 2267 383 2322 pertranseunt.
403 2260 455 2322 Sio
471 2261 546 2340 quia
559 2261 758 2342 privilegium
771 2281 851 2338 ‚seu
864 2261 918 2342 jus
935 2261 1020 2341 pallii
1037 2279 1088 2322 ar-

152 2353 388 2434 ehiepiscopalis
404 2355 570 2433 personale
587 2358 645 2432 est,
663 2373 726 2416 non
745 2355 857 2417 transit
869 2355 911 2417 ad
927 2371 1089 2417 suecesso-

152 2464 236 2520 rem3
253 2446 338 2506 idem
353 2446 403 2508 die
414 2447 453 2508 de
467 2447 630 2528 privilegio
646 2447 879 2527 competentiae,
894 2447 988 2524 dotis,
1005 2447 1088 2508 etde

152 2538 322 2619 privilegiis
353 2558 423 2619 quoe
448 2541 586 2620 episcopi
600 2559 658 2620 pro
673 2559 731 2601 sue
749 2558 884 2619 persone
900 2540 1002 2602 solent
1028 2539 1089 2600 im-

152 2635 277 2712 petrare
294 2633 527 2712 aSedeApost.
901 2647 904 2650 ·
982 2684 985 2689 .

190 2729 221 2785 5·
241 2724 341 2785 Semel
349 2725 452 2800 motos,
468 2743 581 2805 semper
589 2725 786 2806 presumitur
794 2726 898 2790 molen.
911 2727 1086 2805 Praesump·

151 2817 194 2879 tio
208 2817 269 2878 ista
277 2815 360 2897 juris*
374 2821 420 2880 est
433 2819 465 2878 in
481 2817 592 2880 eodem
606 2819 836 2900 genere3'quia
852 2818 891 2879 e'x
909 2819 992 2880 melo
1017 2818 1085 2880 fieri

151 2909 281 2988 bonum,
296 2913 342 2972 est
352 2910 436 2988 faeti,
455 2911 597 2992 adeoque
608 2911 736 2990 probari
750 2911 844 2974 debet
853 2911 894 2972 ad
907 2911 1085 2990 eligendam

151 3004 438 3084 praesumptionem.
453 3005 487 3066 Si
511 3008 617 3067 autem
641 3004 790 3065 delictum
818 3022 880 3065 non
902 3005 1083 3084 praeoednt,

151 3098 284 3176 quilibet
295 3099 497 3178 praesumitur
510 3099 623 3175 honus,
638 3097 738 3159 donee
749 3098 899 3176 probetur
909 3097 1021 3160 malus.

191 3193 223 3252 6Ι
234 3191 344 3253 Retron
354 3191 418 3275 quis
427 3191 532 3254 tabere
541 3211 597 3252 non
603 3198 711 3272 potest,
719 3189 797 3272 quod
807 3190 896 3271 ipsius
902 3191 1017 3252 nomine
1028 3209 1085 3252 non

151 3289 193 3343 est
204 3291 326 3364 pestem.
342 3288 419 3366 Reg.
439 3286 499 3348 ista
518 3284 660 3365 prooedit
681 3286 704 3346 1.
727 3283 760 3347 in
775 3283 898 3362 neiron,
925 3301 994 3364 quae
1019 3301 1084 3346 non

150 3379 253 3456 potest
265 3377 376 3458 aliquis
388 3383 459 3444 reta
478 3379 617 3456 habere,
634 3378 659 3441 si
681 3376 749 3460 ejus
770 3376 895 3440 nomine
924 3395 987 3440 non
1010 3381 1084 3440 sunt

150 3473 239 3548 gesta
251 3488 258 3532 :
269 3473 300 3532 et
308 3469 391 3550 ideo,
404 3491 434 3536 r.
450 3491 497 3552 g„
508 3472 606 3536 Titias
618 3489 681 3536 non
691 3470 822 3534 incurrit
831 3469 1080 3558 excommunis&-
