2514 4014
516 341 743 389 escueeousnn.
1075 331 1094 390 '1

160 481 301 561 quodam
328 482 423 544 modo
439 487 529 561 peter
551 482 676 545 habitus
698 483 802 560 fuerit,
831 483 996 546 Gratianus
1019 503 1094 547 vero

160 573 407 635 canonistarum.
429 575 508 635 Hinc
529 573 668 655 theologi
683 595 703 636 a
721 575 889 637 censuistis
905 575 994 638 divisi
1009 581 1092 639 sunt.

159 665 330 744 Theolcgis
359 666 509 728 remansit
536 671 571 728 ut
597 667 670 729 fidei
703 668 852 730 veritates
882 669 1032 731 docerent
1058 687 1094 731 ac

160 759 344 834 tuerentur,
363 751 584 839 'veritatesque
608 760 743 820 morales
770 760 967 822 conscientiis
994 761 1096 841 appli-

161 853 272 911 carent
296 850 454 924 tideiium3
479 852 647 912 censuistis
671 869 747 913 vero
773 853 917 914 relictum
934 855 981 914 est
1007 853 1094 914 utin

160 941 309 1003 Ecclesiae
332 936 590 1020 institutionibus,
607 942 779 1004 canonibus
790 943 982 1023 relegendis,
1001 943 1094 1006 iuter·

160 1033 323 1114 protendis
337 1033 596 1115 vindicandisque
612 1053 646 1096 se
658 1038 848 1097 exercerent.

202 1129 250 1188 Ite
265 1145 339 1206 ergo
352 1126 482 1188 scientie
497 1127 649 1188 canonica
661 1139 725 1189 non
740 1127 874 1206 emplius
887 1130 1029 1208 spectate
1047 1130 1095 1190 est

162 1219 209 1280 uti
228 1229 300 1298 pers
315 1219 483 1298 theologice
502 1220 568 1281 sive
588 1219 786 1299 dogmaticae,
801 1219 866 1280 sive
883 1220 1021 1297 moralis,
1039 1219 1095 1281 sed

159 1404 251 1484 juxte
266 1421 361 1484 quem
379 1403 548 1464 morelistae
574 1405 689 1466 debent
709 1404 914 1465 conscientias
938 1404 1091 1482 dirigere,

163 1495 369 1574 proponendo
397 1495 623 1557 ecclesiastices
656 1497 757 1576 leges,
786 1496 899 1576 quihus
936 1495 1095 1574 obtempe-

163 1589 270 1649 randis
283 1604 392 1650 omues
405 1583 522 1650 subditi
537 1589 631 1650 etism
645 1589 677 1649 in
690 1588 758 1649 foro
773 1587 971 1650 conscientiae
984 1589 1094 1648 tenen-

162 1685 224 1742 tur.
235 1679 326 1744 Unde
331 1681 453 1761 juristee
465 1683 639 1758 externum,
649 1677 818 1742 moralistae
827 1679 985 1740 internum
993 1677 1095 1739 torum

163 1774 356 1853 spectarunt.

203 1864 269 1925 Hec
290 1865 374 1926 fecta
395 1864 546 1927 divisione
561 1865 726 1944 theologos
748 1865 830 1925 inter
852 1867 882 1924 et
905 1862 1092 1941 moralistes‚

164 1975 237 2018 eum
250 1957 419 2019 consuistis
442 1957 532 2018 focile
547 1958 767 2019 consocientur
786 1956 866 2037 juris
882 1955 981 2016 civilis
1002 1953 1094 2034 periti

163 2069 202 2109 ex
230 2049 364 2127 ipsemet
391 2049 593 2111 scientiarum
629 2048 784 2129 analogia.
813 2047 896 2110 Juris
925 2047 1023 2108 civilis
1049 2048 1096 2106 est

163 2139 305 2221 positivis
318 2141 441 2221 legibus
455 2142 612 2203 societatis
622 2140 721 2202 civilis
730 2140 804 2222 jure
818 2144 849 2201 et
865 2139 967 2200 officie
979 2137 1095 2199 civium

164 2231 386 2310 determinare,
404 2234 671 2312 quemadmodum
690 2233 771 2314 juris
793 2231 934 2294 canonici
950 2233 997 2292 est
1011 2227 1095 2309 posi-

162 2325 235 2388 tivis
256 2325 403 2386 ccelesiae
427 2327 559 2406 legibus,
580 2325 654 2406 jure
676 2328 707 2386 et
722 2324 825 2387 officie
853 2323 1095 2385 christianorum

164 2417 448 2479 determinaretur
468 2417 625 2498 conjuncti
644 2420 717 2479 suut
731 2415 899 2478 cunonistae
925 2433 997 2475 cum
1014 2411 1095 2494 juris

165 2509 264 2571 civilis
279 2509 398 2588 peritis
414 2513 445 2572 et
460 2511 617 2572 cathedree
638 2509 802 2589 utriusque
819 2507 956 2568 seientiae
975 2507 1007 2566 in
1027 2503 1096 2566 uni-

164 2602 364 2664 versitatibus
380 2603 529 2664 iustitutae
546 2605 629 2663 sunt.

204 2697 235 2756 3⁰
255 2695 357 2756 AEtnte
383 2698 490 2757 nostre
509 2711 599 2755 novae
626 2692 873 2754 modificationes
895 2691 985 2752 fectee
1010 2692 1092 2750 sunt.

165 2788 314 2848 Curetum
339 2790 385 2848 est
395 2786 447 2866 jus
471 2787 658 2847 canonicum
671 2804 690 2846 e
708 2784 869 2862 theologie
880 2783 947 2863 jem
960 2782 1095 2844 divisum
1152 2839 1154 2844 ,

164 2876 197 2938 in
212 2897 245 2939 sc
260 2877 375 2939 iterum
387 2879 542 2939 scindere.
563 2881 642 2938 Nem
666 2877 750 2939 circa
773 2876 972 2937 medietatem
998 2873 1093 2952 elapsi

165 2971 269 3032 saeculi
302 2970 425 3050 prolate
455 2975 501 3032 cst
531 2969 701 3031 scientifice
729 2967 895 3028 methodus
928 2984 990 3046 que
1014 2965 1095 3046 juris

166 3063 307 3124 cencuici
321 3063 450 3125 scientie
464 3063 495 3124 in
511 3062 588 3140 dues
602 3061 754 3124 scinditur
764 3062 879 3138 portes,
889 3077 1023 3138 querum
1032 3075 1096 3118 une

167 3155 286 3235 dejure
300 3156 435 3215 canonico
445 3154 564 3236 publico
588 3156 768 3233 pertrectat,
782 3152 820 3211 de
837 3151 958 3232 privato
983 3150 1091 3211 altere.

166 3250 239 3309 Post
264 3247 368 3309 varies
389 3246 627 3323 controversias,
652 3247 779 3307 demum
798 3237 863 3304 fere
887 3243 927 3304 eb
951 3241 1094 3304 omnibus

166 3336 233 3402 haec
243 3339 399 3401 distinctio
414 3341 541 3419 recepte
555 3342 612 3401 est.
790 3337 795 3352 “’

203 3427 242 3494 V.
265 3423 490 3493 ‘Verumtamen
517 3447 589 3493 cum
613 3430 783 3492 idem'ncn
811 3429 851 3490 sit
876 3427 960 3507 apud
986 3443 1094 3487 omues

74 3603 81 3624 ι
167 3523 300 3604 hujusce·
322 3521 529 3586 distinctionis
553 3523 635 3584 inter
657 3521 818 3600 publicum
831 3521 865 3582 et
874 3519 1032 3598 privatum
1042 3517 1094 3596 jus
