2514 4014
344 251 451 316 noeros
473 265 625 314 arnonus
645 267 727 316 :nors
753 269 907 319 aaronica
1051 257 1090 322 38

150 410 276 472 feratur
287 408 321 469 in
338 408 512 488 singulares
526 427 694 489 personas,
710 411 821 492 regula
835 411 868 476 in
884 413 1090 478 communita·

148 506 220 565 tem
235 502 285 564 vel
304 501 473 581 collegium
497 501 624 583 aliquod
642 521 864 582 personarum,
886 506 937 567 lex
955 506 989 568 in
1004 525 1090 568 rem-

149 594 315 674 publicam
326 613 382 655 seu
396 594 428 654 in
442 594 623 657 societatem
632 596 820 675 periectam3
833 597 965 660 societas
975 598 1089 662 dicitur

150 687 296 767 perfecta
310 703 380 766 quae
395 686 548 748 aoaetcris
563 687 707 750 omnibus
724 688 925 752 societatibus
939 690 1088 771 indepen-

150 779 245 856 dens,
262 778 322 840 sibi
342 779 479 858 propria,
497 777 635 860 suijuris
653 780 790 858 ratione,
807 783 957 863 tanquam
968 784 1088 846 morale

149 871 374 948 individuum,
395 872 616 953 voluntateque
639 872 809 953 principis,
829 872 862 935 in
883 875 979 936 finem
994 894 1087 938 suum

148 964 359 1044 gubernatur.

192 1056 286 1120 Unde
316 1075 510 1138 consequens
540 1061 589 1120 est
620 1058 706 1139 quod
732 1059 880 1140 precepti
911 1059 1087 1140 subjectum

148 1148 276 1230 possint
301 1167 370 1210 esse
396 1149 571 1229 singulares
590 1168 749 1229 persona,
773 1151 949 1232 subjectum
977 1153 1088 1234 regulo

149 1241 362 1304 communitas
391 1259 616 1321 personarum,
646 1260 703 1304 scu
730 1242 915 1323 imperfecta
940 1245 1086 1326 quaedam

193 1426 226 1490 Si
247 1425 428 1506 hujusmodi
442 1425 608 1504 theoriam,
630 1445 700 1510 quae
722 1427 761 1490 dc
780 1429 903 1508 legibus
922 1429 954 1490 in
970 1449 1085 1510 genere

150 1519 300 1582 statuitur
321 1519 546 1596 communiter,
568 1519 749 1582 immediate
774 1521 1003 1601 applicaremus
1020 1523 1085 1604 juri

151 1615 278 1689 nostro,
302 1611 371 1674 hac
397 1612 559 1674 videretur
576 1613 762 1675 naturaliter
786 1631 853 1674 esee
873 1613 1031 1677 conclusio
1051 1619 1086 1678 ut

152 1704 303 1786 quoniam
314 1704 365 1765 lex
374 1704 584 1766 ecclesiastica
593 1705 693 1767 fertm
702 1705 734 1765 in
744 1704 972 1784 rempublicam
987 1705 1086 1768 chris-
1195 1765 1197 1772 .

150 1797 288 1875 tiaram,
312 1796 344 1858 in
365 1797 555 1875 Ecclesiam,
578 1798 718 1860 Ecclesia
741 1797 810 1878 ipsa
828 1799 895 1860 sola
914 1801 945 1860 et
962 1799 1086 1880 integra

151 1889 370 1952 ecclesiasticis
388 1889 510 1969 legibue
527 1889 723 1971 subjiciatur,
738 1909 805 1968 seu,
824 1891 909 1971 quod
923 1891 1008 1954 idem
1023 1895 1081 1970 est,

152 1982 238 2063 quod
261 2001 369 2044 omnes
393 1985 424 2044 et
454 1981 511 2044 soli
537 1982 698 2045 christiani
721 1983 938 2045 ecclesiasticis
961 1984 1084 2064 legibus

150 2074 367 2155 subjiciantur.
382 2076 515 2152 Verum,
531 2075 600 2136 haec
614 2074 797 2152 immediata
810 2072 977 2154 applicatio
997 2077 1084 2155 prin-

150 2167 223 2246 cipii
235 2167 390 2247 generalis
409 2167 497 2228 nulla
514 2167 597 2229 iacta
611 2167 792 2247 particulari
812 2167 1009 2230 distinctione
1026 2187 1083 2230 noa

148 2259 271 2322 falleret
278 2261 383 2341 quoad
391 2260 465 2337 duo,
475 2278 549 2320 nam
559 2280 566 2321 :
577 2259 898 2340 l⁰aliqoando,ctiam
912 2278 974 2322 non
987 2259 1082 2323 chris-

148 2352 226 2415 tiani
245 2351 462 2415 ecclesiasticis
482 2352 604 2431 legibus
621 2351 846 2432 subjiciuntur3
862 2356 894 2413 2⁰
913 2352 1081 2433 aliquando

150 2447 301 2512 econtra
321 2463 384 2506 non
406 2463 515 2506 omnes
540 2443 701 2508 christiani
726 2443 942 2506 ecclesiasticis
959 2444 1082 2524 legibus

150 2537 368 2618 subjiciuntur.

189 2631 227 2691 Π.
252 2631 448 2708 Quapropter
470 2629 593 2692 diverso
610 2629 705 2692 modo
724 2647 775 2691 res
792 2630 840 2691 est
862 2629 1077 2709 proponenda,

152 2741 190 2784 ne
211 2741 250 2784 ea
267 2739 336 2802 quae
357 2721 528 2802 singularia
546 2725 620 2784 sunt
640 2739 677 2784 ac
695 2721 824 2802 propria·
839 2721 945 2800 legum
961 2723 1081 2783 nostra-

152 2833 221 2876 rum
237 2815 381 2876 omittere
402 2811 576 2877 videamur.
600 2817 710 2895 ltaque
733 2815 820 2893 leges
841 2813 1077 2891 ecclesiasticae,

152 2912 185 2970 ut
198 2907 344 2985 dirime,
362 2911 416 2970 aut
430 2908 615 2986 dogmatica
631 2910 686 2970 aut
700 2906 914 2987 disciplinares
926 2909 1000 2968 sunt
1014 2926 1020 2966 :

189 3004 219 3063 l⁰
241 3000 274 3064 Si
296 3003 369 3061 sunt
389 2999 592 3080 dogmaticae,
618 3000 679 3060 illis
702 3018 766 3062 non
791 3001 892 3062 solum
918 2998 1078 3060 christiani

151 3093 204 3154 sed
221 3111 329 3156 omnes
350 3092 493 3155 homines
513 3092 738 3174 subjiciuntur;
763 3095 876 3154 natura
900 3091 984 3152 enim
1001 3091 1079 3171 dog-

151 3185 270 3249 maticae
286 3184 417 3266 legiaco
437 3185 497 3246 sita
510 3188 557 3247 est
571 3185 656 3266 quod
670 3205 727 3266 per
743 3203 814 3246 eam
833 3185 1019 3262 declaretur,
1041 3203 1078 3248 ac

151 3282 342 3358 proponatur
354 3277 468 3340 veritas
482 3295 552 3358 quea
565 3297 585 3339 a
598 3280 662 3340 Deo
677 3277 816 3340 revelata
827 3280 884 3340 est.
974 3323 976 3328 -

187 3370 331 3433 Definitio
356 3369 435 3450 legia
455 3369 640 3450 dogmaticae
656 3371 760 3450 legem
776 3369 902 3450 proprie
921 3389 984 3432 non
1003 3387 1078 3431 con·

154 3463 205 3541 dit,
225 3463 283 3526 sed
304 3481 361 3549 per
385 3462 546 3524 infallibile
567 3462 783 3548 magisterium
807 3462 953 3526 Ecclesia
975 3464 1077 3526 certos
