2512 4012
160 315 218 378 lat
369 323 598 374 msrnurronns
619 324 701 370 tonis
724 323 878 371 canorum.

162 473 395 552 presbyteratus
409 469 525 548 gradus
539 469 634 529 fuisse
646 467 822 529 institutum
834 471 864 529 et
874 468 1091 546 ministerium,

163 584 218 627 seu
230 564 372 625 ordinem
386 555 599 623 ministrorum
615 561 667 640 qui
686 561 838 639 episcopis
854 566 885 623 et
902 563 1094 640 presbpteris

162 658 194 718 in
209 655 517 727 sacrisinservireut;
536 655 595 715 hoc
613 655 688 715 item
708 651 914 714 ministerium
935 654 1030 715 luisse
1055 655 1095 714 ab

164 749 311 829 apostolis
325 749 473 810 collatum
488 747 637 824 diaconis,
655 746 707 827 qui
723 751 890 825 propterea
910 747 942 807 in
960 747 1095 826 plenilu-

165 843 270 904 dinem
284 840 378 920 hujus
390 840 552 901 ministerii
569 839 718 917 assumpti
731 843 813 900 sunt.

206 935 267 997 Sed
280 934 339 995 hoc
351 933 554 994 diaconorum
568 931 774 993 ministerium
787 950 849 992 non
863 931 1052 992 consistebat
1063 932 1095 991 in

166 1027 298 1089 materia
310 1026 353 1088 ita
367 1025 528 1085 individua
544 1027 576 1084 ut
589 1024 621 1084 in
637 1024 790 1103 quosdam
809 1024 926 1103 gradus
949 1024 1095 1102 distingui

167 1139 229 1181 non
245 1121 360 1197 posset.
381 1119 474 1177 Plura
491 1116 778 1194 comprehendebat
799 1117 910 1193 officia,
930 1117 992 1178 alia
1008 1117 1097 1176 nobi-

165 1213 255 1288 liora,
268 1210 329 1271 alia
342 1210 501 1286 inferiora,
513 1209 616 1287 prouti
631 1209 731 1287 magis
745 1210 794 1270 vel
809 1209 912 1270 minus
924 1209 1095 1270 ministerio

168 1304 386 1384 episcoporum
400 1301 450 1364 vel
463 1301 717 1381 presbyterorum
732 1303 904 1364 accederet.

209 1398 405 1475 Quapropter
429 1394 584 1472 Ecclesia,
615 1395 680 1455 sive
707 1400 742 1457 ut
765 1395 885 1458 levaret
907 1395 1097 1457 laboriosum

169 1491 375 1551 diaconorum
396 1488 544 1565 officium,
571 1491 663 1549 aucto
683 1489 857 1567 praesertim
878 1489 1018 1550 fidelium
1045 1507 1097 1548 nu·

169 1601 256 1644 mero
273 1630 280 1660 ,
298 1582 362 1644 sive
374 1585 410 1644 ut
421 1584 512 1643 aucto
528 1580 675 1643 clericatu
688 1581 881 1660 prospiceret
894 1581 1098 1643 commodiori

171 1676 334 1755 magisque
358 1675 480 1736 decora
504 1691 665 1734 sacrorum
689 1674 960 1752 administrationi,
982 1674 1047 1735 sive
1067 1675 1101 1734 ut

171 1768 333 1830 inferiores
349 1768 478 1828 clericos
490 1767 586 1828 veluti
615 1785 672 1845 per
685 1767 844 1847 quoddam
860 1767 1038 1829 tirocinium
1061 1766 1102 1826 ad

172 1861 373 1924 diaconatum
385 1865 416 1921 et
434 1879 491 1938 per
512 1877 585 1920 eum
608 1860 648 1919 ad
669 1861 845 1939 superiores
868 1860 1032 1939 disponere
1057 1860 1102 1919 in-

172 1954 324 2029 tenderet,
339 1953 431 2030 plura
452 1952 555 2013 officia
574 1971 643 2032 quoe
668 1953 699 2013 in
722 1954 789 2032 ipso
810 1954 1013 2015 diaconorum
1035 1953 1103 2014 offi-

173 2046 220 2107 cio
240 2045 597 2124 comprehendebantur,
621 2046 660 2106 ab
679 2046 730 2107 illo
754 2047 908 2126 excerpsit
931 2050 962 2108 et
979 2047 1011 2106 in
1027 2045 1102 2106 infe·

173 2139 271 2200 riores
286 2138 439 2218 quosdam
451 2138 567 2217 gradus
582 2138 730 2200 distinxit.

213 2230 302 2292 Unde
329 2235 548 2292 remanserunt
576 2231 703 2312 quidem
733 2231 856 2293 diaconi
880 2233 1012 2294 ministri
1037 2236 1105 2292 aar

175 2329 275 2404 εξοχπν
301 2323 354 2403 qui
370 2342 483 2402 nempe
498 2324 590 2402 primi
604 2329 707 2403 essent
720 2325 801 2386 inter
815 2344 934 2403 omnes,
950 2326 1050 2406 quiin
1072 2347 1105 2388 se

175 2416 477 2496 comprehenderent
491 2418 664 2480 eminenter
674 2419 778 2481 omnia
788 2437 857 2499 quse
867 2419 899 2479 in
908 2420 1107 2482 inferioribus

175 2510 337 2572 ministerii
362 2511 512 2590 gradibus
535 2511 741 2575 habebantur.
776 2513 838 2574 Sed
866 2512 916 2573 alii
945 2513 1108 2576 inferiores

176 2603 280 2667 clerici
291 2605 323 2664 in
339 2603 577 2683 participatione
598 2605 761 2667 ministerii
774 2606 944 2668 diaconalis
959 2607 1108 2686 adscripti

177 2701 258 2760 sunt.

216 2793 283 2850 Hoc
297 2789 485 2869 principium
500 2791 689 2868 generaliter
705 2796 864 2871 sumptum
889 2798 1020 2873 utraque
1041 2813 1109 2854 am-

177 2881 269 2962 plexa
280 2885 327 2942 est
338 2882 493 2957 Ecclesia3
508 2883 611 2944 sedin
629 2885 873 2948 determinandis
888 2885 936 2948 his
957 2888 1108 2968 gradibus

178 2975 354 3038 diaconatui
375 2975 584 3054 inferioribus,
609 2977 732 3056 longius
752 2980 1018 3058 computationem
1034 2999 1108 3058 pro-

179 3070 273 3133 traxit
283 3069 380 3131 latina
393 3088 488 3150 quam
511 3089 624 3149 graeca.
642 3073 704 3132 lsta
716 3071 795 3132 duos
815 3076 937 3135 tantum
951 3073 1108 3134 recensuit

179 3164 272 3244 hujus
288 3163 442 3225 inferioris
462 3163 624 3225 ministerii
644 3165 771 3244 gradus,
794 3165 848 3227 illa
868 3185 943 3228 vero
957 3167 1105 3248 quinque,

180 3274 314 3335 quorum
328 3256 595 3318 enumerationem
607 3275 703 3336 supra
713 3249 909 3321 tradidimus.

219 3349 270 3407 ΙΙΙ.
288 3349 351 3408 Sed
361 3368 469 3410 omnes
478 3350 528 3411 isti
541 3351 657 3428 gradus
667 3350 828 3412 ministerii
844 3351 875 3412 in
896 3355 1019 3414 tantum
1030 3349 1108 3412 tales

180 3440 345 3514 habentur,
362 3440 393 3500 in
406 3445 558 3519 quantum
570 3442 609 3501 de
623 3443 815 3520 plenitudine
829 3444 991 3506 ministerii
1004 3445 1108 3505 diaco·

181 3531 259 3593 nalis
273 3531 470 3612 participant,
491 3538 642 3614 tanquam
659 3535 716 3594 rivi
731 3536 779 3596 vel
794 3537 909 3602 surculi
926 3537 977 3619 qui
998 3556 1036 3597 ex
1055 3536 1106 3602 illo
