2546 4016
170 285 229 349 leo
379 298 608 347 msuruuonns
627 297 710 346 runis
732 295 886 346 ceremon

170 445 279 506 hatum
306 442 356 506 rel
382 441 606 521 reprobatum,
634 443 754 504 nullam
787 441 845 503 sibi
880 440 1101 504 auctoritatem

171 535 456 615 vindicatinprari,
467 538 583 614 praeter
593 553 663 596 eam
675 553 744 615 quae
754 535 854 596 oritur
868 553 906 594 ex
915 534 1102 596 authentici-

170 633 234 692 tate
248 631 523 692 monumentorum
539 647 609 707 quse
621 628 653 688 in
665 647 702 688 ea
714 628 903 689 inseruntur.
918 631 981 688 Neo
993 627 1102 708 hujus-

171 723 257 784 modi
271 741 349 802 opus
365 725 530 801 reputatur
543 741 562 782 a
576 721 658 784 vitiis
671 722 810 782 immune
827 741 833 782 :
850 724 881 782 et
894 721 1102 782 bullariorum

171 815 368 896 potissimum
382 815 483 894 eopia,
505 815 736 896 quodammodo
751 815 809 876 fuit
825 816 1025 890 suffocatum,
1043 833 1103 874 nec

172 910 266 970 hodie
279 927 418 988 unquam
432 927 452 968 a
466 908 633 969 canonistis
648 908 778 990 citatum
791 907 958 969 iuvenitur.

212 1005 250 1064 V.
280 1001 390 1075 Ouoad
409 999 610 1061 Institutione
634 1001 798 1062 lancelloti
819 1020 830 1060 .·
855 1000 1017 1061 sciendum
1037 1003 1101 1078 est,

173 1096 258 1176 quod
273 1095 357 1156 circa
371 1097 514 1172 tempora
528 1111 616 1156 conc.
634 1095 733 1172 Trid.‚
749 1094 875 1173 quando
886 1112 998 1172 nempe
1014 1094 1103 1154 colli-

172 1189 349 1268 gendomm
360 1186 496 1267 antiquae
510 1187 726 1248 ecclesiasticae
738 1187 908 1266 disciplinae
920 1205 1106 1247 monumen-

170 1287 275 1344 torum
289 1281 410 1341 fervere
422 1279 490 1360 jam
504 1280 644 1341 studium
657 1280 844 1359 incoeperat,
860 1284 1024 1342 senserunt
1041 1280 1102 1340 viri
1152 1279 1157 1285 '

171 1374 284 1436 eruditi
295 1373 514 1435 necessitatem
524 1373 709 1435 conficiendi
722 1373 876 1452 quasdam
890 1372 1100 1434 inst'tutiones

171 1467 355 1544 canonicas,
382 1484 452 1546 quae
475 1485 589 1546 nempe
612 1467 643 1527 in
670 1466 892 1545 compendium
921 1465 1102 1545 redigerent

171 1560 330 1641 generalia
345 1559 425 1640 juris
437 1564 612 1639 praecepta,
635 1579 674 1620 ne
695 1559 826 1621 studiosi
848 1562 936 1620 tanta
958 1562 1101 1620 textuum

171 1673 227 1715 sau
241 1651 415 1734 ingentium
428 1653 649 1715 collectionum
663 1654 745 1715 mole
761 1652 1022 1731 opprimerentur.

211 1746 312 1826 Coepit
326 1747 386 1807 hoc
410 1747 559 1825 perficere
574 1745 726 1808 Antonius
747 1745 915 1823 Gucchius,
931 1744 1010 1826 juris
1027 1763 1102 1824 pro-

171 1840 271 1902 fessor
284 1839 486 1918 'lycinensis‚
504 1842 534 1900 et
549 1833 683 1900 coniecit
701 1842 768 1900 tum
785 1839 932 1916 minores,
947 1842 1014 1900 tum
1033 1857 1102 1899 ma-

168 1931 254 2011 jores
267 1931 475 1992 institutiones
491 1931 672 2009 canonicas,
688 1932 744 1992 sed
758 1931 873 1992 infelici
891 1931 990 2009 exitu,
1008 1931 1102 2012 siqui·

172 2025 245 2085 dem
258 2022 377 2085 virent
396 2042 436 2084 ne
448 2024 500 2085 vix
521 2023 649 2103 quidem
664 2028 826 2104 receptum
842 2028 889 2086 est
910 2043 998 2104 opus,
1018 2027 1101 2104 Ergo

172 2117 287 2180 Paulus
298 2118 350 2193 IV,
368 2119 457 2180 Rom.
476 2119 579 2195 Pont.‚
593 2117 678 2178 visus
693 2118 785 2180 estin
805 2137 895 2178 suam
909 2135 1018 2179 eurem
1038 2121 1105 2180 tra-

172 2211 248 2272 here
273 2209 436 2289 hocopus
463 2210 700 2289 perficiendum.
728 2213 758 2271 Is
783 2230 896 2290 nempe
919 2211 1105 2273 mandatum

172 2302 259 2364 dedit
272 2303 289 2364 J
292 2303 385 2363 oanni
401 2303 580 2365 Lancelloto
593 2307 628 2365 ut
642 2303 822 2384 hujusmodi
838 2323 916 2384 opus
937 2305 1104 2366 elucubra-

171 2398 230 2458 ret.
253 2396 450 2470 Lancellotus
471 2396 612 2458 incubuit
638 2397 740 2476 operi,
765 2397 905 2477 illudque
928 2399 1059 2476 perfect.

172 2489 249 2550 etin
268 2492 403 2568 quatuor
417 2490 513 2550 libros
527 2490 688 2568 partitum,
703 2490 744 2550 ad
759 2490 857 2551 instar
871 2491 1104 2554 Inst'tutionum

172 2581 349 2659 Justiniani,
358 2583 454 2643 Paulo
462 2585 503 2644 IV
513 2583 685 2661 proposuit.
700 2584 763 2645 Sed
776 2583 827 2645 vel
841 2584 1101 2663 obprudentiam,

172 2677 233 2753 vel,
251 2679 285 2738 ut
305 2675 401 2755 aliqui
423 2677 542 2754 volunt,
557 2676 598 2737 ob
611 2676 763 2738 invidiam
777 2676 1032 2755 detrectatorum,
1043 2679 1104 2739 hoc

173 2786 250 2847 opus
287 2768 382 2828 variis
413 2768 658 2830 correctionibus
691 2769 868 2850 subjectum
898 2770 975 2848 fuit,
1003 2772 1103 2832 donec

172 2860 269 2921 Paulo
290 2859 374 2923 lV⁰e
394 2861 473 2922 vivis
492 2861 597 2922 ablato
610 2861 763 2924 ineditum
773 2863 933 2926 remansit.
948 2864 1104 2926 Successit

172 2954 303 3032 Piuslv,
311 2958 343 3016 et
354 2955 561 3033 benedictus,
571 2956 659 3033 quasi
672 2974 802 3034 sperans
810 2957 973 3018 meliorem
986 2957 1103 3019 exitum

172 3065 300 3108 suorum
307 3048 462 3126 laborum,
480 3066 558 3126 opus
571 3048 683 3110 obtulit
695 3048 750 3111 Pio
766 3051 818 3128 lv,
826 3050 965 3132 illudque
979 3051 1104 3130 privato

172 3142 275 3202 studio
290 3141 405 3218 edidit,
422 3144 457 3202 ut
485 3144 593 3203 autum
607 3142 727 3204 valeret
742 3147 894 3222 quantum
911 3149 1026 3223 posset.

212 3234 275 3294 Sed
287 3236 346 3296 sub
360 3235 415 3297 Pio
431 3237 472 3298 IV
490 3235 672 3296 conclusum
695 3241 743 3298 est
763 3237 1000 3317 Tridentinum,
1017 3239 1103 3319 quod

168 3326 221 3408 jus
243 3327 406 3406 antiquum
430 3329 515 3392 varie
536 3329 774 3391 modificaverat
797 3351 803 3391 :
827 3333 910 3394 unde
932 3333 1104 3396 bencelloti

172 3419 394 3499 institutiones,
405 3440 475 3501 quae
491 3423 682 3484 elucubratae
697 3423 821 3485 fuerent
834 3425 892 3486 sub
903 3426 975 3506 jure
989 3427 1101 3504 reteri,

172 3531 235 3580 non
250 3516 395 3604 poterant
410 3515 544 3598 amplius
556 3515 737 3584 Tridentino
752 3518 913 3600 applicari.
931 3522 1103 3602 Propterea
