2512 4012
371 249 411 292 nu
433 248 559 296 caruero
580 250 663 296 rums
686 249 841 296 canorum.
1019 236 1075 296 193

149 388 261 450 liabent
273 388 312 449 de
328 389 431 451 officio
444 391 525 452 hanc
538 391 654 453 trinam
663 395 851 469 potestatem
860 391 1034 471 respective
1044 391 1076 452 in

149 483 289 542 universa
299 483 350 542 vel
360 484 393 543 in
401 485 550 562 peculiari
562 485 711 547 Ecclesia.
726 486 765 545 nt
776 485 808 545 id
819 489 863 560 ut,
874 485 914 545 ob
926 489 1076 566 praestan-

148 575 220 634 tiam
230 577 418 654 argumenti,
429 577 520 654 plene
532 578 719 654 declaretur,
730 577 826 638 refert
835 577 1074 656 explicationem

149 668 250 728 aclar.
267 671 300 728 P.
317 669 467 746 Tarquini
480 669 659 748 nuperrime
674 669 781 730 datam
796 670 971 730 exscribere
984 671 994 714 1
1010 691 1016 730 ε

179 781 203 833 v«
224 762 386 837 Potestas,
404 779 473 839 quae
486 780 543 840 pro
559 761 625 841 ejus
641 766 753 823 natura
765 761 906 822 societati
928 764 1074 840 perfecta

148 851 177 910 in
191 871 262 912 suos
276 853 437 930 competit,
454 855 594 932 generali
608 854 668 914 hac
682 854 792 932 regula
806 854 1002 915 continetur:
1024 856 1073 930 Ut,

148 964 209 1024 qcoe
217 957 285 1006 sunt
294 946 453 1007 accessorio
465 946 506 1006 cd
512 947 601 1028 finem
608 947 696 1026 pleae
709 945 946 1027 consequendum,
959 949 1076 1027 eripere

141 1037 209 1116 jure
223 1039 336 1118 possit·
349 1058 415 1118 qcoe
432 1059 489 1099 non
508 1047 576 1103 sont
599 1040 776 1113 necessario,
802 1059 858 1100 non
874 1039 988 1118 porsit;
1011 1060 1076 1120 qooe

22 1127 24 1208 l
148 1149 209 1191 roro
220 1133 379 1192 necessario
392 1141 477 1207 sont,
496 1131 548 1193 sed
562 1133 712 1213 pertinent
726 1131 766 1192 ad
777 1131 907 1192 ordinem
921 1133 1075 1214 quemdum

22 1217 24 1266 l
147 1226 338 1305 repriorere,
354 1245 386 1286 ea
395 1245 452 1306 per
463 1245 491 1286 se
508 1226 683 1286 ordinasset
695 1225 888 1286 determinare
899 1247 956 1287 non
967 1228 1071 1289 valeat.

184 1342 197 1376 u
222 1318 375 1379 Probatur
394 1322 422 1379 la
438 1339 512 1398 poro
527 1319 580 1399 jus
599 1319 718 1398 aliquid
741 1318 886 1398 exigendi
912 1321 1075 1381 correlati-

147 1432 219 1473 rum
242 1417 289 1473 est
308 1412 430 1488 officio,
448 1412 533 1491 quod
553 1412 642 1473 alteri
666 1412 747 1490 parti
773 1412 871 1488 inest,
894 1413 971 1473 illud
993 1431 1075 1491 prae-

148 1506 257 1568 standi.
274 1505 369 1584 Atqui
380 1523 436 1583 pro
452 1509 565 1566 natura
580 1505 738 1567 societatis
749 1504 879 1584 singulis
894 1505 961 1585 ejus
976 1524 1075 1566 mem-

148 1599 208 1659 luis
232 1599 314 1659 inest
340 1599 478 1658 officium
500 1602 611 1676 sponte
634 1603 814 1676 susceptum
825 1593 836 1674 ,'
847 1598 873 1658 si
890 1598 1023 1658 societas
1037 1598 1077 1659 sit

147 1691 335 1767 voluntaria,
350 1690 489 1770 legitime
508 1690 704 1769 impositum,
735 1691 760 1750 si
785 1691 977 1767 necessaria,
1000 1709 1075 1751 con-

147 1785 262 1844 terendi
279 1785 310 1844 iu
325 1785 508 1846 societatem
526 1785 609 1844 vires
624 1803 697 1847 suas
722 1784 761 1844 ad
779 1802 816 1844 ea
840 1784 1072 1863 comparanda,

148 1897 212 1957 quae
230 1881 303 1938 suut
317 1877 494 1938 necessaria
508 1877 548 1936 ad
573 1876 640 1956 ejus
663 1878 759 1936 finem
777 1877 869 1955 plene
891 1877 1074 1956 integreque

148 1971 385 2050 assequendum.
405 1972 487 2047 Ilrgo
503 1969 645 2030 societati
660 1988 717 2048 pro
733 1988 789 2030 sua
802 1974 914 2031 natura
929 1970 1010 2031 inest
1022 1969 1074 2049 jus

147 2065 254 2124 eadem
270 2063 383 2122 abillis
399 2062 554 2140 exigendi.

183 2180 196 2214 u
212 2156 303 2218 Proh.
315 2160 345 2216 2³
353 2175 437 2236 pars,
452 2155 534 2216 idest
543 2174 609 2236 quoe
621 2156 701 2216 nollo
711 2156 762 2215 sub
773 2165 902 2236 respecto
915 2157 1074 2218 necessario

145 2257 209 2310 scrut
222 2248 263 2309 nd
276 2249 364 2330 finem
378 2248 624 2328 consequendum,
642 2247 739 2310 cedern
753 2269 772 2308 a
784 2250 918 2310 societate
927 2250 1073 2330 enipipro

145 2363 194 2402 roo
205 2352 313 2402 natura
329 2363 386 2402 non
397 2361 492 2422 posse.
507 2343 758 2404 Fundamentum
780 2343 960 2420 potestatiS,
979 2362 1074 2421 quam

146 2455 199 2514 pro
214 2454 271 2496 sua
286 2439 399 2496 natura
414 2435 545 2496 societas
561 2436 656 2496 habet
671 2433 815 2514 exigendi
828 2435 946 2513 aliquid
959 2454 978 2494 a
992 2436 1071 2510 suia,

146 2530 237 2590 situm
252 2529 342 2589 estin
357 2529 533 2590 necessario
557 2528 699 2607 ejusdem
719 2546 802 2588 nexu
818 2545 890 2586 cum
905 2527 1002 2605 ipsius
1024 2547 1074 2588 so-

48 2635 55 2648 ·
145 2621 352 2697 cietatisfine‚
367 2621 411 2681 ita
425 2621 525 2700 utqui
540 2621 674 2681 alterum
688 2621 772 2695 vult,
791 2620 924 2679 alterum
948 2636 1073 2698 quoque

146 2716 222 2775 velle
245 2714 370 2775 omnino
397 2715 528 2787 debeat3
559 2713 645 2792 atqui
666 2713 698 2773 in
721 2713 778 2790 iis,
806 2731 875 2792 quae
903 2712 988 2772 nullo
1015 2712 1073 2771 sub

146 2811 287 2886 respectu
302 2808 343 2867 ad
362 2808 457 2868 finem
481 2810 553 2867 sunt
576 2807 769 2888 necessaria,
798 2805 950 2886 ejusmodi
976 2824 1073 2866 nexus

146 2920 206 2962 non
219 2901 372 2973 habetur3
395 2918 470 2978 ergo
485 2899 517 2958 in
533 2898 590 2975 iis,
610 2899 679 2978 quae
694 2901 778 2960 nullo
798 2900 856 2960 suh
873 2902 1017 2976 respectu
1033 2899 1073 2957 ad

146 2995 238 3054 finem
259 2996 332 3053 sunt
354 2991 549 3068 necessaria,
573 2991 693 3051 nullum
724 2995 771 3052 est
797 2991 937 3052 societati
962 2990 1076 3049 funda-⁹

146 3090 298 3163 mentum,
315 3086 457 3167 adeoque
473 3085 593 3144 nullum
605 3084 657 3162 jus
673 3084 784 3144 eadem
805 3102 861 3160 pro
879 3101 937 3143 sua
961 3084 1074 3143 natura

147 3179 299 3260 exigendi.

184 3295 197 3330 n
223 3271 315 3333 Prot.
332 3275 363 3333 3³
372 3290 446 3351 pers
456 3269 508 3348 jus
524 3272 570 3329 est
590 3271 729 3346 potestas
744 3269 784 3328 ad
807 3266 898 3343 illud,
923 3269 1008 3347 quod
1032 3270 1072 3330 ad

178 3469 183 3498 ¹
201 3469 271 3518 luris
284 3468 345 3520 ecel.
359 3469 422 3530 pub.
436 3465 499 3516 insti
513 3501 530 3530 .‚
542 3467 693 3519 ductilem
705 3467 838 3530 Tarquini.
849 3493 878 3505 -
889 3471 987 3531 Romae,
1002 3469 1070 3520 1862.
