2546 4016
328 251 436 304 nomes
458 251 610 306 susumus
631 255 714 304 suus
735 253 890 309 ementur.
1015 242 1071 306 llll

136 393 365 474 explicationes
390 394 441 466 vel
465 394 659 458 evolutiones
678 395 760 476 juris
777 397 939 475 naturalis,
969 416 991 460 a
1011 417 1074 481 quo

136 491 325 568 tauquema
340 506 397 550 suo
411 488 496 551 fonte
506 491 650 553 mutuata
661 491 743 554 sunt.

181 643 208 683 ll.
223 641 260 681 De
269 641 378 691 molaris
386 641 455 682 dtotnt
463 641 554 692 postttvt
566 643 589 684 ln
600 651 713 684 sacrorum
723 651 830 685 canonum
844 644 1033 695 interpretatione·

181 765 219 826 V.
244 764 300 824 Jus
311 761 453 823 divinum
463 763 631 842 positivum
639 783 695 844 pro
707 765 832 826 diversa
838 765 987 846 junctura
995 769 1074 830 tem-

138 858 227 939 poris
243 861 274 919 et
288 857 374 919 modi
389 877 481 939 quaa
493 862 557 920 Deo
572 861 747 924 revelatum
758 865 816 939 est,
826 861 1028 940 distinguitur
1040 863 1073 924 in

134 954 190 1036 jus
204 953 328 1016 Veteris
349 957 382 1016 et
396 955 473 1016 Novi
488 956 697 1019 Testamenti:
712 956 790 1018 illud
808 977 823 1014 o
835 957 920 1037 quod
941 956 1016 1018 olim
1027 958 1075 1018 lo-

139 1066 241 1129 quens
250 1049 334 1108 Deus
346 1048 487 1126 patribus
497 1048 611 1111 nostris
626 1049 659 1111 in
670 1049 842 1130 prophetis,
854 1071 869 1108 u
881 1049 942 1111 hoo
960 1071 974 1108 o
989 1049 1074 1129 quod

136 1140 309 1204 novissime
321 1139 354 1200 in
364 1140 441 1202 Filio
455 1142 588 1218 locutus,
603 1164 617 1200 o
636 1143 726 1206 nohis
738 1142 957 1206 manifestavit.

177 1236 195 1297 J
198 1252 251 1294 am
265 1251 354 1310 vero,
376 1235 481 1314 quoad
491 1235 543 1315 jus
558 1235 700 1296 divinum
714 1237 750 1296 N.
768 1239 817 1313 T„
831 1236 907 1298 illud
919 1237 969 1297 vel
980 1236 1013 1298 in
1025 1255 1073 1300 ea·

139 1327 201 1389 cris
217 1326 360 1404 litteris,
386 1328 436 1388 vel
461 1327 493 1386 in
513 1327 668 1402 Ecclesiae
683 1327 849 1390 traditione
871 1329 1070 1392 continetur:
1138 1327 1141 1336 '

138 1420 225 1500 quod
248 1422 376 1498 prestet
396 1439 488 1482 usum
502 1420 701 1485 indefinitum
713 1421 829 1502 injure
847 1422 1069 1498 ecclesiastico,

137 1515 226 1574 nulla
239 1515 344 1592 potest
356 1531 422 1574 csse
434 1513 611 1590 difficultas,
623 1514 780 1594 siquidem
794 1515 854 1576 hoc
868 1515 1072 1578 fundamento
1143 1583 1146 1588 ,

138 1606 280 1670 Ecclesia
293 1606 349 1666 Dei
364 1609 521 1667 exstructa
535 1610 592 1684 est,
609 1607 658 1667 his
672 1606 832 1686 principiis
846 1607 975 1686 regitur.

178 1703 260 1762 Tota
269 1700 373 1778 potius
383 1699 549 1760 difficultas
560 1699 644 1772 eirca
656 1718 749 1760 usum
760 1699 840 1781 juris
855 1698 989 1778 positivi,
1003 1717 1073 1762 ver·

138 1797 233 1871 satur¹
248 1792 332 1854 cirea
342 1792 395 1872 jus
409 1794 446 1855 V.
471 1795 521 1869 lt,
542 1811 582 1852 ne
604 1792 760 1869 videlicet,
784 1792 861 1856 illud
875 1795 1070 1872 respuentes,

139 1887 305 1948 videamus
323 1903 471 1964 spernere
485 1886 619 1948 verbum
635 1885 703 1963 Dei,
728 1888 783 1947 aut
799 1885 877 1948 illud
898 1904 936 1946 ex
949 1885 1072 1965 integro

139 1980 336 2060 recipientes,
351 1997 391 2040 ne
413 1977 578 2050 videamur
590 1978 763 2059 judaizare.
786 1981 865 2044 Sunt
879 1978 975 2058 igitur
989 1997 1072 2059 qute-

139 2073 213 2141 dem,
223 2072 344 2152 regula
353 2071 538 2132 definienda
549 2090 606 2151 pro
616 2091 675 2133 usu
685 2073 723 2134 V.
734 2075 769 2134 r.
783 2071 1073 2152 injurisprudantia

139 2165 302 2242 canonice,
316 2168 349 2226 ut
362 2167 531 2244 utrumque
560 2168 734 2226 extremum
749 2165 882 2226 vitemus
899 2167 930 2226 ct
944 2163 1072 2244 aliquod

137 2260 198 2324 hac
209 2259 243 2320 in
256 2277 291 2320 re
306 2257 468 2320 criterium
484 2259 675 2319 efformetur.

179 2356 247 2416 Hoc
256 2355 495 2432 utpraestemus,
504 2351 768 2420 considerandum
777 2355 823 2413 est
833 2351 1071 2431 universumjus

138 2450 177 2510 V.
195 2449 231 2508 Τ.
249 2445 290 2506 ad
304 2449 367 2506 tres
390 2445 504 2506 classes
523 2444 643 2522 reduci,
660 2444 764 2523 prouti
785 2444 871 2504 aliud
886 2443 938 2523 jus
950 2445 1069 2520 morale,

139 2533 226 2603 aliud
239 2538 292 2620 jus
318 2539 527 2614 ceretaniae,
542 2537 628 2599 aliud
637 2537 689 2618 jus
696 2535 843 2618 judiciale
857 2537 1043 2615 appellatur.

168 2633 298 2696 ‚Morale
312 2632 389 2693 illud
406 2631 520 2693 dicitur
543 2649 605 2710 quo
624 2630 743 2710 placuit
761 2633 825 2692 Deo
845 2647 902 2708 per
925 2629 1071 2692 determi-

139 2731 216 2790 nata
231 2729 390 2805 praecepta
407 2725 423 2786 J
426 2724 524 2784 ndaeis
535 2723 587 2803 jus
600 2725 742 2786 naturale
760 2723 904 2786 evolvere
919 2725 950 2784 et
964 2721 1071 2801 expla-

139 2838 231 2882 nare.
243 2822 413 2898 Propterea
425 2817 497 2888 telis
513 2821 560 2879 est
573 2817 667 2898 hujus
675 2817 755 2896 juris
774 2820 898 2893 natura,
911 2818 955 2893 ut,
969 2814 1072 2878 liceta

141 2917 205 2978 Deo
226 2912 280 2973 uni
303 2912 418 2994 populo
434 2911 542 2973 Judoae
558 2911 708 2989 singulari
722 2909 955 2990 praedilectione
977 2908 1071 2970 fuerit

140 3006 345 3086 propositum,
362 3008 468 3066 tamen
483 3022 547 3064 non
567 3003 714 3080 respiciat
727 3004 887 3079 Habreos,
904 3019 966 3082 qua
977 2999 1067 3076 tales,

139 3099 195 3161 sed
205 3117 269 3179 qua
282 3097 436 3175 homiues,
453 3114 565 3174 nempe
580 3095 777 3175 inquantum
792 3095 910 3157 habent
924 3095 1070 3153 naturam

139 3194 214 3273 gent
201 3191 285 3253 tibus
298 3189 442 3251 omnihus
455 3205 664 3250 communem.

179 3287 249 3346 Non
268 3286 312 3345 ita
323 3301 400 3345 vero
409 3282 462 3363 jus
477 3281 692 3343 caeremoniale
707 3280 757 3341 vel
768 3277 917 3361 judiciale
930 3295 1000 3358 quae
1013 3279 1031 3340 J
1034 3297 1070 3340 u

142 3378 226 3442 daeos
248 3376 422 3456 percellunt
441 3394 504 3456 qna
528 3375 618 3452 tales,
635 3374 700 3436 sive
715 3372 753 3433 in
773 3371 882 3434 ordine
898 3371 938 3434 ad
951 3372 1069 3436 cultum

142 3469 374 3559 religiosum,
350 3489 415 3533 s1ve
429 3468 462 3532 in
482 3467 591 3532 ordine
608 3467 649 3532 ed
664 3470 780 3532 statum
798 3465 969 3548 politicum.
987 3467 1084 3538 Qua-
