2514 4014
387 288 496 336 coerce
518 289 670 338 srncnms
690 291 773 336 rums
797 291 952 338 errorum.
1095 279 1133 342 le

240 435 326 496 Ratio
347 435 459 514 primae
481 435 578 514 partis
598 440 646 498 est
664 435 738 516 quia
753 436 898 498 voluntas
919 435 1131 514 rescribenda,

257 527 365 604 dictis,
388 529 571 590 naturaliter
590 529 721 590 relativa
749 532 796 590 est
821 529 1039 608 supplicationi
1063 549 1132 610 qum

199 621 382 682 'rescribenti
398 621 457 683 fuit
470 623 640 700 proposita.
662 622 756 703 Atqui
777 622 837 683 hoc
856 641 919 682 non
941 623 1063 685 excedit
1078 643 1133 702 pe-

217 714 328 774 uliaria
356 714 488 794 alicujus
512 714 584 777 facti
610 715 768 796 adjuncta.
797 718 967 794 Propterea
987 717 1132 778 voluntas

197 832 226 861 ι·
234 807 397 868 scribentis
414 811 502 868 extra
517 808 706 886 particulare
722 809 839 870 factum
862 827 924 870 non
942 811 1128 872 extenditur.

217 900 328 962 ,Ratio
358 900 504 961 secundae
529 901 626 980 partis
660 906 707 962 est
737 903 811 982 quia
836 900 1005 981 aliquando
1030 905 1132 980 potest

195 993 324 1054 venire
337 997 372 1053 ut
382 993 528 1073 princeps
544 994 585 1055 ad
603 995 735 1075 alicujus
746 994 1006 1056 consultationem
1022 996 1071 1056 vel
1084 1015 1131 1056 re—

213 1086 364 1163 tionem,
387 1091 543 1165 proponat
556 1087 609 1167 jus
627 1106 809 1165 commune,
829 1088 878 1147 vel
894 1087 947 1168 jus
966 1087 1084 1148 dictum
1100 1089 1131 1148 in

181 1178 408 1261 peculiaribus
432 1180 564 1259 alicujus
591 1181 664 1242 fecti
693 1181 848 1261 adjunctis
872 1181 947 1243 velit
970 1181 1129 1254 observari

194 1276 228 1334 et
238 1273 389 1334 custodiri
401 1277 555 1353 tanquam
564 1279 647 1334 esset
657 1273 709 1354 jus
725 1293 901 1336 commuue.

240 1365 365 1426 Primus
399 1384 490 1426 casus
522 1367 688 1446 dupliciter
714 1367 915 1447 distinguitur
946 1389 952 1428 :
984 1367 1130 1446 princeps

154 1473 155 1478 ’
192 1461 298 1536 potest
311 1458 352 1518 ad
363 1458 495 1538 alicujus
510 1458 691 1522 instantiam
704 1479 869 1521 commune
876 1461 928 1541 jus
938 1477 1125 1540 proponere,

152 1576 158 1584 ·
191 1551 244 1611 vel
259 1550 338 1610 illud
358 1551 558 1630 interpretari
576 1554 697 1614 ratione
713 1554 821 1615 habita
834 1555 907 1615 fecti
929 1553 1126 1632 particularis

192 1643 278 1722 quod
296 1643 355 1721 ipsi
377 1645 582 1723 proponitur;
610 1665 671 1726 quo
694 1665 786 1723 casu,
806 1645 1022 1724 interpretatio
1042 1645 1128 1722 prin-

73 1783 76 1794 .
192 1735 257 1813 ipis
289 1739 485 1801 naturaliter
507 1740 617 1820 adjus
634 1758 802 1800 commune
829 1738 1003 1800 reducitur.
1029 1740 1136 1798 Potest

72 1884 77 1893 .
106 1893 107 1896 ,
134 1824 138 1832 ’
190 1828 304 1914 aetiam
322 1831 477 1911 princepe,
494 1833 657 1896 occasione
672 1836 796 1911 sumpta
813 1831 944 1913 alicujus
959 1830 1032 1892 facti
1043 1849 1136 1910 pecu·
1185 1857 1191 1862 ·

81 1914 113 1997 '2²
200 1920 299 1998 liaris,
313 1923 366 2002 jus
381 1943 568 2005 proponere.
584 1926 673 1987 Talia
687 1929 792 1986 autem
811 1926 963 2004 rescripta
975 1925 1015 1986 ab
1025 1923 1135 2004 aliqui-

190 2011 259 2085 bus
273 2018 424 2100 pancratio
434 2020 591 2081 dicuntur.

243 2113 407 2178 Secundus
432 2132 522 2173 casus
542 2113 696 2192 contingit
718 2129 788 2172 cum
814 2112 959 2190 princeps
984 2111 1135 2192 rescripta

199 2208 324 2268 reddita
343 2225 400 2286 pro
421 2205 632 2284 peculiaribus
652 2207 807 2266 factorum
836 2204 1008 2285 adjunctis,
1026 2205 1058 2264 in
1079 2223 1135 2264 au-

199 2301 372 2364 thenticam
388 2299 503 2358 referat
520 2299 756 2374 collectionem,
779 2296 859 2358 sicut
877 2298 910 2358 in
925 2297 997 2378 jure
1015 2297 1134 2358 civilia

200 2396 217 2456 J
220 2393 375 2455 ustiniano
391 2392 580 2470 imperatore
598 2391 716 2452 factum
731 2394 791 2467 est,
810 2394 841 2450 et
856 2390 886 2449 in
898 2390 969 2470 jure
983 2390 1133 2451 canonico

195 2507 214 2548 a
235 2489 291 2549 SS.
310 2488 368 2546 PP.
388 2485 537 2564 Gregorio
555 2486 608 2560 IX,
621 2484 791 2560 Clemente,
803 2483 974 2560 Bonifacio,
988 2487 1047 2544 etc.
1065 2485 1132 2555 Quo

195 2599 269 2640 casu
281 2581 317 2639 fit
333 2583 366 2639 ut
389 2577 593 2657 rescriptum,
616 2576 734 2637 dictum
754 2577 786 2636 in
806 2575 1018 2654 peculiaribus
1033 2575 1148 2636 facte.

198 2691 269 2732 rum
294 2671 466 2752 adjunctio,
489 2670 695 2748 protendatur
718 2669 759 2729 ad
783 2668 890 2734 omnia
912 2669 996 2729 facta
1019 2667 1133 2732 similia

197 2783 270 2844 qnae
283 2765 408 2825 evenire
424 2767 564 2842 possunt.

235 2861 266 2918 2⁰
287 2857 360 2918 Sola
374 2856 627 2937 dispositioopors
645 2855 676 2914 r'o
697 2855 846 2935 rescriptis
859 2855 913 2936 jos
937 2855 1019 2916 dicit.
1040 2856 1129 2917 Ratio

197 2949 289 3030 hujus
315 2949 470 3011 corollarii
493 2953 540 3009 est
562 2949 636 3028 quia
650 2949 795 3027 princeps
812 2949 843 3008 in
864 2952 953 3028 perte
971 2947 1131 3008 narrative

198 3043 335 3104 historici
352 3042 564 3122 potiusquam
583 3041 731 3121 principis
744 3060 858 3102 munus
874 3060 969 3121 agere
986 3039 1127 3114 videtum

197 3135 229 3196 in
243 3140 333 3215 parte
348 3154 423 3198 vero
442 3134 622 3211 doctrinali,
640 3135 741 3214 potius
756 3135 917 3196 doctorem
936 3152 1031 3214 quam
1044 3133 1130 3213 prin-

198 3247 310 3308 crpem.

236 3321 285 3382 Ad
305 3321 374 3382 baec
397 3321 570 3382 notandum
587 3324 633 3382 est
653 3321 737 3401 quod
758 3321 914 3400 principes
937 3340 999 3384 non
1023 3324 1130 3385 valent

198 3414 1127 3496 perseintegrarescriptaperficere,sedseribishujusmodi

199 3525 306 3569 curam
322 3509 513 3571 demandare
526 3507 652 3584 debent,
662 3506 714 3592 qui
729 3525 785 3586 pro
798 3507 923 3586 ingenio
936 3524 1006 3584 suo,
1017 3509 1052 3567 ut
1062 3507 1128 3583 plu·
