2514 4014
309 292 418 344 norror
440 291 592 344 sirenus
612 291 695 344 mals
722 289 877 342 cartonen
1022 275 1059 342 tt

133 441 308 522 pertiuntur
337 439 426 500 varia
451 439 524 520 jura
551 437 724 520 majestatis
746 437 828 498 inter
854 433 1062 496 determinata

133 531 283 614 subjecta,
298 531 403 593 varias
418 531 572 593 habemus
581 531 700 594 formas
714 526 874 608 regiminis
886 526 984 589 mixti.

434 682 464 718 ΙΙ.
476 682 510 716 Β·
523 681 632 728 ngr-»rae
642 681 759 720 &sinb-

168 800 279 864 XVIII.
312 799 402 861 Giroa
425 797 506 858 hano
530 796 735 877 questionem
764 798 842 860 varii
872 800 969 862 exorti
991 803 1064 862 sunt

131 911 265 969 errores,
293 891 490 972 quilfontem
517 908 610 951 suurn
632 889 703 968 plus
726 889 869 953 minusve
893 893 1011 955 habent
1030 892 1063 952 in

131 984 243 1046 haeresi
266 976 530 1062 protestantium:

169 1077 202 1138 1⁰
217 1079 366 1138 Formam
391 1074 552 1154 regiminis
566 1074 713 1137 anlesiae
735 1093 802 1137 esse
821 1076 1064 1139 democratiam

130 1170 291 1232 affirmare
301 1167 527 1230 nondubitavit
536 1167 710 1246 Riehsrius,
717 1167 809 1249 juxta
818 1187 912 1249 quem
924 1169 1064 1232 Christus

129 1279 312 1341 supremam
324 1259 505 1322 immediate
516 1259 698 1322 contulisset
708 1265 896 1340 potestatem
903 1262 1063 1324 ecelesias·

129 1355 226 1416 ticam
239 1353 300 1433 ipsi
314 1352 430 1433 populo
441 1351 621 1429 christiano,
641 1371 773 1434 quaeque
789 1345 928 1433 potestas
940 1355 1063 1434 delega-

98 1522 102 1527 ,
129 1447 215 1508 tione
226 1446 380 1508 translata
393 1445 502 1507 fuisset
513 1445 702 1526 quibusdam
711 1447 896 1524 praesulibus
906 1447 946 1509 sd
958 1448 1063 1510 Eoole·

22 1595 24 1636 ξ
129 1539 184 1601 siae
198 1538 461 1619 gubernationem
473 1537 640 1616 deputatis.

169 1631 273 1694 Inhao
284 1649 360 1710 ergo
370 1629 487 1704 exitiali
497 1629 651 1708 doctrina,
662 1629 839 1711 subjeetum
848 1631 1064 1694 immediatum

128 1724 294 1805 potestatis
312 1740 467 1803 supremae
491 1726 572 1784 esset
585 1722 753 1788 multitudo
775 1723 964 1802 christiana,
988 1724 1064 1785 dum

128 1818 196 1897 ipsa
212 1819 360 1880 Summus
377 1815 520 1878 Pontifex
533 1833 597 1878 non
611 1815 746 1878 hahetur
763 1815 821 1878 nisi
839 1820 874 1879 ut
889 1817 1064 1900 subjeetum

128 1909 314 1972 mediatum.

168 2005 200 2064 2⁰
228 2000 400 2080 Gallioani,
424 2019 463 2063 ex
484 2003 639 2084 potestate
655 2018 750 2081 quam
769 2001 909 2066 Christus
931 2003 1063 2084 collegio

129 2095 303 2175 apostolico
328 2093 479 2172 eontulit,
507 2097 700 2174 arguentes,
729 2095 903 2159 docueruut
929 2096 1064 2158 formam

129 2187 292 2268 regiminis
301 2205 365 2248 non
380 2205 447 2248 esse
457 2185 703 2265 monarchiam,
718 2188 773 2249 sed
790 2189 1037 2251 aristocratioam
1054 2209 1061 2251 :

129 2283 268 2361 potestas
287 2298 435 2360 suprema
446 2279 576 2360 regendi
594 2279 768 2341 Eoolesiam
778 2284 981 2360 competeret,
1000 2299 1064 2342 non

129 2377 271 2436 Romano
292 2371 434 2434 Pontifici
448 2372 580 2434 seorsim
602 2375 744 2452 sumpto,
766 2373 822 2435 sed
841 2378 963 2436 tantum
983 2375 1065 2454 epis·

129 2465 216 2544 copis
238 2465 384 2527 omnibus
405 2464 609 2544 collegialiter
633 2465 776 2543 sumptis,
802 2483 840 2526 ao
859 2466 991 2546 proinde
1007 2465 1063 2528 soii

130 2549 262 2620 coneilio
280 2557 484 2620 oecumenico.
501 2560 576 2618 liaeo
589 2556 743 2635 doctrina,
761 2558 866 2638 quoad
877 2563 1000 2637 purtem
1012 2576 1064 2619 ne·

129 2653 282 2732 gantem,
307 2649 401 2712 dehet
423 2649 550 2713 omnino
577 2649 686 2730 rejici,
712 2647 760 2712 sin
786 2651 889 2730 minus
912 2654 1064 2732 tanquam

130 2747 215 2806 serto
238 2743 399 2820 haeretioa,
422 2744 534 2805 saltem
559 2746 712 2822 tunquam
733 2743 895 2807 evidenter
918 2744 1012 2824 falsa,
1030 2748 1065 2806 ut

132 2839 204 2915 pote
220 2835 335 2899 Christi
349 2835 533 2898 institutioni
544 2853 608 2896 non
623 2835 770 2916 ambigue
786 2838 941 2916 opposita.

170 2932 204 2990 3⁰
228 2930 263 2990 Iu
287 2929 385 2990 alium
411 2947 572 2991 excessum
594 2927 739 3002 abierunt
763 2934 907 2992 auotores
922 2929 1063 2992 nonnulli

131 3021 184 3102 qui
201 3022 365 3102 episcopos
377 3021 556 3083 habuerunt
567 3024 719 3100 tanquam
730 3021 887 3100 simplices
903 3023 1064 3102 delegatos

133 3116 168 3175 R.
183 3114 362 3192 PontifioiS,
388 3114 503 3194 quique
518 3113 650 3192 proinde
670 3114 709 3174 de
728 3114 880 3194 dignitate
894 3115 1063 3195 episcopali

133 3206 225 3268 nimis
237 3206 404 3268 detrahere
414 3206 526 3268 merito
541 3205 599 3268 visi
611 3209 693 3268 sunt.

173 3300 254 3361 XIX.
269 3300 355 3361 Inter
372 3298 548 3378 theologos,
565 3317 628 3360 nou
643 3298 739 3360 modo
760 3300 932 3379 voluntate,
950 3301 1005 3363 sed
1019 3302 1064 3362 in·

135 3391 260 3455 teileotu
275 3395 307 3453 et
319 3391 424 3470 reipsa
439 3390 621 3468 catholicos,
638 3392 709 3452 duae
719 3395 792 3453 sunt
802 3395 984 3456 sententiae:

168 3483 823 3564 1⁰AlincumBellarmino‚tenentiioolesiae
832 3487 972 3566 regimen
981 3486 1065 3548 haud

206 3603 269 3670 rou.
289 3607 308 3651 1.
950 3591 967 3652 2
