2512 4012
368 315 406 362 on
428 319 556 364 omnem
577 317 658 366 Junrs
681 319 836 366 aaronica
1009 310 1065 373 alr

96 508 101 521 .
142 458 258 539 oopalis
288 461 423 524 evaserit
451 464 577 542 qnando
603 465 643 524 ab
672 465 818 544 episcopo
853 465 1068 547 independens

142 553 221 614 facta
240 558 298 616 est.

180 647 260 708 Hinc
286 647 410 710 videtur
435 649 554 727 priores
577 651 725 727 abbatae,
753 617 903 714 habentes
923 653 1070 733 jurisdic-

141 739 259 800 tionem
273 740 363 818 quasi
378 740 596 819 episcopalem,
612 742 773 820 regulares
791 743 903 820 fuisse;
925 748 980 808 sed
999 767 1071 809 suc-

143 851 231 893 cessu
246 823 423 910 temporum
441 834 491 894 vel
506 834 579 912 quia
596 836 752 896 nonnullae
775 835 919 915 abbatim,
935 841 1070 919 propriae

143 925 384 1002 monachornm,
406 927 496 987 factae
518 931 590 987 sunt
606 927 740 1006 propriae
763 928 948 992 clericorum
972 952 1072 994 saccu-

144 1018 275 1094 larium,
297 1019 347 1078 vel
368 1017 441 1096 qnia
462 1019 619 1080 nonnullae
641 1019 774 1082 abbatiae
796 1040 853 1099 pro
873 1024 992 1085 clericis
1014 1043 1072 1086 sae-

145 1110 302 1180 cularibus
334 1111 374 1170 ad
404 1111 502 1173 instar
529 1113 774 1175 monasticarum
799 1114 923 1176 illarum
946 1120 1073 1179 fuerunt

145 1203 314 1280 institutae,
335 1204 453 1264 factum
475 1209 522 1265 est
544 1209 579 1266 ut
602 1205 695 1266 hodie
719 1208 848 1269 abbates
873 1212 1032 1290 regulares
1055 1229 1073 1269 a

146 1295 349 1356 saecularibus
364 1297 530 1358 abbatibus
546 1297 788 1377 distinguantur.

194 1390 289 1450 XXll.
309 1389 371 1450 Sed
386 1389 525 1450 omnium
541 1390 672 1451 istorum
687 1391 854 1470 abbatum,
872 1396 1074 1476 omniumque

147 1481 345 1543 abbatiarum
362 1500 424 1542 non
441 1501 504 1543 una
522 1484 717 1562 adspectas,
733 1489 764 1547 et
786 1486 913 1565 quidem
932 1489 1075 1548 conside-

146 1579 215 1636 rata
243 1574 274 1634 in
301 1575 410 1635 ordine
437 1575 477 1635 ad
505 1576 720 1654 quantitatem
733 1577 969 1657 jurisdictionis.
996 1583 1076 1640 Nam

145 1669 197 1730 alii
217 1671 291 1729 sunt
309 1669 437 1730 abbates
457 1669 509 1748 qni
527 1669 646 1742 habent
664 1671 753 1749 quasi
769 1671 929 1733 dioecesim
949 1672 1075 1733 omnino

146 1762 325 1823 distinctam
336 1780 354 1821 a
365 1761 474 1840 quavis
485 1761 611 1822 dioecesi
625 1763 804 1842 episcopali,
814 1782 948 1842 quornm
964 1783 1076 1843 nempe

148 1853 276 1915 abbatia
296 1857 344 1915 est
367 1857 453 1914 extra
479 1856 651 1932 quamlibet
675 1855 906 1917 dioecesiani
932 1856 1079 1918 dicuntur

148 1947 265 2008 abbatos
287 1946 395 2006 nullius
418 1945 561 2024 diaecesis,
583 1954 614 2009 et
630 1949 801 2009 maximum
827 1950 947 2011 habent
966 1950 998 2009 in
1018 1950 1078 2011 hac

150 2039 310 2118 categoria
327 2039 471 2118 gradum,
487 2059 523 2100 ao
543 2058 608 2118 prae
628 2041 749 2102 caeteris
770 2042 914 2103 omnibus
930 2043 1079 2121 jurisdic-

150 2133 225 2196 tioni
241 2133 396 2193 accedunt
410 2132 588 2211 episcopali.
758 2200 759 2203 Ἴ
930 2187 933 2192 .

190 2226 253 2288 Sed
269 2225 319 2284 alii
334 2228 406 2285 sunt
418 2225 546 2287 abbates
562 2225 615 2304 qui
630 2225 767 2305 aliquam
784 2231 899 2307 regunt
914 2227 1079 2289 ecclesiam

117 2311 121 2320 ’
149 2320 232 2380 intra
255 2317 415 2378 dioeoesim
439 2317 569 2398 alicujus
594 2318 730 2397 episcopi
753 2321 970 2398 constitutam,
993 2321 1079 2400 quod

151 2411 317 2491 dupliciter
329 2410 481 2489 contingit
496 2431 503 2471 :
516 2430 590 2472 nam
603 2411 772 2489 aliquando
784 2412 852 2472 haec
865 2413 996 2473 ecclesia
1007 2415 1079 2475 talis

152 2508 199 2566 est
213 2507 248 2564 ut
260 2504 375 2565 babeat
389 2503 506 2564 clerum
529 2509 560 2564 et
572 2503 723 2582 populum
738 2503 796 2565 sibi
811 2505 971 2582 proprium
987 2506 1078 2567 :inde

152 2599 187 2658 fit
205 2601 240 2658 ut
259 2597 427 2658 constituat
450 2597 538 2675 qnasi
562 2595 722 2657 dioecesim
745 2595 828 2657 intra
851 2596 1025 2676 dioecesim,
1048 2599 1079 2658 id

153 2694 214 2766 est,
228 2708 292 2750 non
305 2690 420 2749 habeat
434 2688 561 2768 quidem
579 2687 770 2749 territorium
790 2691 969 2767 separatum
984 2708 1003 2749 a
1017 2693 1081 2750 ter-

152 2782 260 2844 ritorio
283 2776 468 2860 episcopali,
484 2781 539 2840 sed
558 2782 773 2843 tantummodo
794 2781 912 2842 clerum
931 2781 989 2845 sibi
1008 2801 1081 2862 pro-

152 2876 267 2954 prium.
282 2873 467 2954 Hujusmodi
494 2873 627 2934 abbatiae
649 2873 796 2934 dicuntur
808 2875 894 2955 quasi
910 2875 1033 2950 nullius,
1051 2879 1083 2935 ct

153 2967 295 3030 obtinent
312 2967 446 3046 gradrnn
462 2966 602 3026 medium
616 2967 648 3025 in
663 2966 722 3026 hac
737 2967 906 3046 categoria.

194 3062 257 3123 Sed
268 3060 319 3121 alii
329 3065 402 3120 sunt
412 3058 541 3120 abbates
551 3059 602 3138 qui
613 3058 730 3118 habent
741 3058 905 3119 ecclesiam
914 3059 995 3119 intra
1006 3057 1081 3118 dioe-

154 3156 250 3217 cesim
274 3152 405 3232 alicujus
429 3151 566 3230 episcopi
591 3149 802 3234 constitutam,
820 3169 954 3228 quorum
975 3155 1081 3210 tamen

155 3248 324 3310 auctoritas
341 3264 404 3306 non
423 3242 610 3320 extenditur,
628 3242 686 3302 nisi
707 3242 747 3301 ad
766 3241 895 3302 clericos
909 3243 958 3302 vel
973 3261 1082 3304 mona-

155 3343 231 3404 chos
246 3340 299 3420 qui
313 3339 356 3398 illi
373 3337 510 3398 ecclesiae
523 3336 576 3396 vel
587 3333 776 3395 monasterio
791 3336 863 3394 sunt
876 3335 1009 3409 addicti3
1027 3335 1083 3396 sed

155 3454 218 3497 non
246 3433 365 3492 habent
393 3429 594 3499 christianam
622 3427 747 3505 plebem
773 3443 867 3504 quarn
890 3428 1082 3508 gubernent,

155 3528 329 3607 eorumque
351 3523 520 3588 auotoritas
542 3521 624 3586 intra
642 3519 777 3599 parietes
796 3520 934 3586 ecclesiae
953 3519 1003 3582 vel
1019 3537 1087 3614 mo«,

245 3647 309 3696 ron.
329 3648 348 3693 ι.
964 3628 997 3690 a
