2514 4014
172 279 212 340 '18
383 291 612 339 mansuescens
632 293 715 340 rums
738 291 892 338 conemur.

172 435 267 499 alesia
292 453 470 509 removere;
496 453 559 514 qno
576 455 662 514 casu,
677 435 768 498 sicuti
791 436 831 496 de
853 434 981 498 crimine
1003 434 1117 500 hare-

172 530 305 592 ticornm
322 529 520 614 participant,
537 529 582 590 ita
595 532 625 590 et
638 529 677 590 de
691 547 786 608 prena
799 528 936 590 illorum.
1011 576 1013 580 .

171 703 227 759 sill.
243 714 274 751 nu
287 713 368 748 vunnu
380 712 453 749 unet·
465 713 550 749 manos
560 709 896 766 misericor-urrumnai
905 712 960 750 ,ssu
974 712 1005 750 nu
1013 711 1113 752 aranu

196 780 326 812 nominum
340 779 462 813 erecturus
478 779 595 814 nesrac-ru
619 779 650 811 ln
670 778 769 812 cunnus
783 779 828 815 vnn
841 777 932 811 nonunt
945 777 995 822 eno
1008 778 1112 818 numer

196 847 289 882 nonm'r.
304 856 306 860 '

210 988 263 1048 ΙΧ.
288 987 395 1049 Poence
417 985 654 1060 ecclesiasticae,
671 983 875 1048 consideratae
891 982 1044 1051 inordina
1058 983 1105 1050 ad

169 1079 299 1140 modum
313 1097 375 1157 quo
388 1079 489 1139 solent
500 1077 610 1156 infligi,
619 1076 696 1140 alias
707 1075 802 1138 etiam
814 1074 1026 1139 distinctiones
1041 1093 1101 1147 seu

169 1170 289 1249 species
303 1170 481 1232 admittunt.

207 1262 285 1324 Aliae
296 1262 379 1324 enim
391 1263 538 1325 dicuntur
549 1282 567 1324 o
573 1262 646 1342 jare
658 1263 742 1338 latae,
756 1261 826 1325 aliae
835 1279 910 1324 vero
925 1261 961 1322 ab
971 1259 1096 1324 lemica.

168 1358 274 1416 Poenae
286 1372 305 1415 a
311 1354 382 1434 jure
396 1355 468 1418 latae
483 1355 628 1424 dicuntur
638 1374 708 1434 qna
718 1356 787 1434 lege
796 1354 866 1433 ipsa
875 1354 1002 1425 fuerunt
1013 1371 1099 1418 oom-

91 1467 96 1474 ·
167 1447 304 1524 minate,
317 1448 532 1510 determinatae
555 1467 611 1510 seu
636 1451 771 1524 statuta,
794 1447 826 1508 in
849 1447 970 1527 eosqui
994 1447 1099 1526 legem

167 1541 352 1620 transgressi
368 1541 504 1604 fuerunt.
520 1541 596 1620 Legi
611 1541 824 1620 aequiparatur
838 1539 898 1603 hac
911 1539 944 1602 iu
957 1557 992 1603 re
1017 1557 1098 1618 pree-

168 1638 294 1714 ceptum
308 1634 477 1714 superioris
492 1634 639 1714 legitimi,
656 1634 748 1714 quisi
772 1635 960 1711 potestatem
980 1632 1098 1700 haheat

65 1733 68 1738 '
167 1745 278 1806 plenas
299 1727 524 1791 ecclesiasticas
546 1726 718 1806 infligendi,
744 1729 847 1804 potest
869 1742 926 1803 per
940 1743 993 1790 eas
1015 1742 1116 1818 prae-¹

167 1824 293 1898 ceptum
317 1839 409 1880 suum
422 1821 625 1881 communire.
640 1820 714 1882 Sola
727 1817 883 1883 distinctio
899 1821 947 1880 est
959 1817 1013 1884 illa
1025 1835 1095 1896 quae

166 1911 331 1972 intercedit
350 1913 432 1973 inter
456 1913 559 1991 legem
581 1917 621 1986 et
636 1915 840 1990 praeceptum,
869 1913 1022 1989 quatenus
1044 1910 1095 1969 lex

166 2003 346 2064 universam
364 2005 511 2083 respiciat
530 2005 768 2085 rempublicam,
783 2006 977 2083 praeceptum
988 2005 1094 2068 autem

165 2114 332 2174 personam
357 2097 550 2177 singularem
566 2117 622 2159 seu
648 2097 786 2176 singulos
810 2097 849 2158 de
872 2095 1094 2164 communitate

164 2189 215 2249 vel
224 2189 381 2268 singulare
396 2191 573 2269 collegium.

204 2281 355 2342 Dicuntur
371 2287 476 2346 autem
492 2282 665 2360 abdomine,
682 2301 752 2361 quae
767 2300 824 2361 per
838 2282 1026 2347 sententiam
1040 2280 1093 2361 ju-

163 2372 240 2434 dicis
252 2374 452 2436 ecclesiastici
463 2393 518 2456 pro
533 2375 714 2440 criminibus
726 2373 881 2451 admissis,
900 2372 1091 2454 delinquenti

162 2465 348 2530 inferuntur.
640 2490 642 2495 ’

201 2562 239 2622 Χ.
265 2563 339 2632 Quae
356 2565 461 2623 autem
480 2567 586 2624 sunta
603 2563 691 2642 jure,
711 2565 742 2624 et
763 2562 838 2639 ipsae
850 2559 1016 2640 dupliciter
1029 2558 1093 2620 dis-

161 2651 260 2732 tingui
271 2658 401 2731 possunt
416 2675 423 2715 :
445 2655 514 2715 aliae
526 2673 639 2734 nempe
655 2655 801 2716 dicuntur
815 2653 926 2733 ajure,
948 2652 1003 2717 sed
1023 2652 1092 2714 lata

160 2746 326 2820 sententiaa·
338 2746 407 2807 aliae
415 2765 489 2808 vero
500 2767 520 2808 a
527 2748 609 2828 jure,
618 2745 812 2827 sadferearlcr
823 2745 983 2809 sententiae.
992 2747 1091 2812 Poena

161 2837 229 2898 latre
240 2839 390 2899 sententiaa
404 2857 442 2900 ea
457 2844 503 2900 est
524 2859 594 2920 quae
609 2840 705 2919 ipsius
717 2841 795 2919 legis
818 2837 990 2902 ministerio
1010 2836 1088 2899 infli-

159 2930 253 3010 gitur,
276 2949 332 2992 sen
351 2931 403 2992 vix
418 2933 553 2994 admisso
583 2933 723 3009 crimine,
751 2951 787 2996 eo
810 2932 878 3010 ipso
904 2922 1088 3010 delinquens.

157 3042 260 3102 poenae
273 3024 424 3105 suhjacet,
437 3027 512 3106 quin
524 3026 588 3087 ulla
600 3025 779 3105 requiratur
793 3025 948 3092 sententia
959 3023 1085 3103 judicis.

198 3117 287 3188 Quod
300 3118 324 3178 si
337 3119 504 3198 aliquando
516 3119 622 3198 aliqua
635 3119 789 3180 sententia
796 3117 911 3198 judicis
924 3122 971 3184 est
982 3134 1087 3180 oeces-

158 3209 251 3285 saria,
269 3227 308 3270 ea
326 3211 404 3272 nihil
423 3212 509 3273 aliud
524 3213 600 3274 facit
619 3211 678 3273 nisi
702 3211 821 3276 factum
841 3210 1012 3286 declarare,
1030 3227 1086 3277 seu

154 3300 297 3380 judicare
308 3305 427 3366 sactum
438 3325 504 3366 esse
513 3305 684 3368 admissum
697 3325 704 3366 ε
715 3322 776 3384 que
786 3304 898 3382 posito,
907 3322 964 3382 per
977 3319 1086 3365 neees-

157 3393 274 3454 sarium
301 3397 516 3474 corollarium,
540 3417 635 3476 poena
659 3396 831 3460 ministerio
858 3395 936 3474 legis
968 3393 1085 3458 inflicta

157 3489 310 3547 censetur.
