<?xml version="1.0" encoding="UTF-8"?>
<!DOCTYPE html PUBLIC "-//W3C//DTD XHTML 1.0 Transitional//EN"
    "http://www.w3.org/TR/xhtml1/DTD/xhtml1-transitional.dtd">
<html xmlns="http://www.w3.org/1999/xhtml" xml:lang="en" lang="en">
 <head>
  <title>
</title>
<meta http-equiv="Content-Type" content="text/html;charset=utf-8" />
  <meta name='ocr-system' content='tesseract 3.04.00' />
  <meta name='ocr-capabilities' content='ocr_page ocr_carea ocr_par ocr_line ocrx_word'/>
</head>
<body>
  <div class='ocr_page' id='page_1' title='image "./institutionesju02marigoog_0298.png"; bbox 0 0 2484 4016; ppageno 0'>
   <div class='ocr_carea' id='block_1_1' title="bbox 369 387 1070 448">
    <p class='ocr_par' dir='ltr' id='par_1_1' title="bbox 369 387 1070 448">
     <span class='ocr_line' id='line_1_1' title="bbox 369 387 1070 448; baseline 0.006 -4"><span class='ocrx_word' id='word_1_1' title='bbox 369 397 407 445; x_wconf 83' lang='lat' dir='ltr'><strong><em>na</em></strong></span> <span class='ocrx_word' id='word_1_2' title='bbox 429 397 557 445; x_wconf 78' lang='lat' dir='ltr'><strong><em>cornero</em></strong></span> <span class='ocrx_word' id='word_1_3' title='bbox 578 397 661 444; x_wconf 79' lang='lat' dir='ltr'><strong><em>sarrs</em></strong></span> <span class='ocrx_word' id='word_1_4' title='bbox 689 397 844 445; x_wconf 70' lang='lat' dir='ltr'><strong><em>canonici.</em></strong></span> <span class='ocrx_word' id='word_1_5' title='bbox 1015 387 1070 448; x_wconf 79' lang='lat' dir='ltr'><strong><em>aet</em></strong></span> 
     </span>
    </p>
   </div>
   <div class='ocr_carea' id='block_1_2' title="bbox 475 573 783 619">
    <p class='ocr_par' dir='ltr' id='par_1_2' title="bbox 475 573 783 619">
     <span class='ocr_line' id='line_1_2' title="bbox 475 573 783 619; baseline 0.003 -1"><span class='ocrx_word' id='word_1_6' title='bbox 475 573 641 618; x_wconf 75' lang='lat' dir='ltr'><strong><em>anrtconos</em></strong></span> <span class='ocrx_word' id='word_1_7' title='bbox 663 573 783 619; x_wconf 72' lang='lat' dir='ltr'><strong><em>antuus,</em></strong></span> 
     </span>
    </p>
   </div>
   <div class='ocr_carea' id='block_1_3' title="bbox 133 716 1076 890">
    <p class='ocr_par' dir='ltr' id='par_1_3' title="bbox 133 716 1076 890">
     <span class='ocr_line' id='line_1_3' title="bbox 133 716 1076 800; baseline -0.005 -14"><span class='ocrx_word' id='word_1_8' title='bbox 133 716 426 786; x_wconf 59' lang='lat' dir='ltr'><strong><em>&amp;distinctionibus</em></strong></span> <span class='ocrx_word' id='word_1_9' title='bbox 447 716 524 777; x_wconf 81' lang='lat' dir='ltr'><strong><em>inter</em></strong></span> <span class='ocrx_word' id='word_1_10' title='bbox 546 716 765 778; x_wconf 58' lang='lat' dir='ltr'><strong><em>dissertatione</em></strong></span> <span class='ocrx_word' id='word_1_11' title='bbox 778 717 966 800; x_wconf 68' lang='lat' dir='ltr'><strong><em>jurinmipsi</em></strong></span> <span class='ocrx_word' id='word_1_12' title='bbox 979 721 1076 782; x_wconf 82' lang='lat' dir='ltr'><strong><em>statui</em></strong></span> 
     </span>
     <span class='ocr_line' id='line_1_4' title="bbox 404 809 848 890; baseline 0.002 -20"><span class='ocrx_word' id='word_1_13' title='bbox 404 811 436 870; x_wconf 85' lang='lat' dir='ltr'><strong><em>ia</em></strong></span> <span class='ocrx_word' id='word_1_14' title='bbox 449 809 597 870; x_wconf 83' lang='lat' dir='ltr'><strong><em>communi</em></strong></span> <span class='ocrx_word' id='word_1_15' title='bbox 615 811 848 890; x_wconf 82' lang='lat' dir='ltr'><strong><em>competentium.</em></strong></span> 
     </span>
    </p>
   </div>
   <div class='ocr_carea' id='block_1_4' title="bbox 132 980 1074 3604">
    <p class='ocr_par' dir='ltr' id='par_1_4' title="bbox 135 980 1074 2177">
     <span class='ocr_line' id='line_1_5' title="bbox 177 980 1072 1067; baseline -0.004 -15"><span class='ocrx_word' id='word_1_16' title='bbox 177 993 216 1052; x_wconf 92' lang='lat' dir='ltr'><strong><em>ll.</em></strong></span> <span class='ocrx_word' id='word_1_17' title='bbox 241 984 458 1050; x_wconf 87' lang='lat' dir='ltr'><strong><em>Generaliores</em></strong></span> <span class='ocrx_word' id='word_1_18' title='bbox 479 980 633 1044; x_wconf 89' lang='lat' dir='ltr'><strong><em>laicorum</em></strong></span> <span class='ocrx_word' id='word_1_19' title='bbox 648 981 861 1047; x_wconf 82' lang='lat' dir='ltr'><strong><em>distinctiones</em></strong></span> <span class='ocrx_word' id='word_1_20' title='bbox 881 984 932 1045; x_wconf 84' lang='lat' dir='ltr'><strong><em>vel</em></strong></span> <span class='ocrx_word' id='word_1_21' title='bbox 948 1003 986 1046; x_wconf 85' lang='lat' dir='ltr'><strong><em>ex</em></strong></span> <span class='ocrx_word' id='word_1_22' title='bbox 1000 985 1072 1067; x_wconf 90' lang='lat' dir='ltr'><strong><em>jure</em></strong></span> 
     </span>
     <span class='ocr_line' id='line_1_6' title="bbox 137 1075 1074 1166; baseline -0.005 -19"><span class='ocrx_word' id='word_1_23' title='bbox 137 1083 273 1166; x_wconf 88' lang='lat' dir='ltr'><strong><em>positivo</em></strong></span> <span class='ocrx_word' id='word_1_24' title='bbox 288 1075 469 1155; x_wconf 68' lang='lat' dir='ltr'><strong><em>divinare]</em></strong></span> <span class='ocrx_word' id='word_1_25' title='bbox 481 1075 789 1155; x_wconf 82' lang='lat' dir='ltr'><strong><em>exjurenatnraliet</em></strong></span> <span class='ocrx_word' id='word_1_26' title='bbox 801 1077 1074 1156; x_wconf 70' lang='lat' dir='ltr'><strong><em>gentiumabllc-</em></strong></span> 
     </span>
     <span class='ocr_line' id='line_1_7' title="bbox 138 1167 1074 1252; baseline -0.007 -11"><span class='ocrx_word' id='word_1_27' title='bbox 138 1177 236 1242; x_wconf 85' lang='lat' dir='ltr'><strong><em>clesia</em></strong></span> <span class='ocrx_word' id='word_1_28' title='bbox 245 1175 386 1252; x_wconf 83' lang='lat' dir='ltr'><strong><em>recepto,</em></strong></span> <span class='ocrx_word' id='word_1_29' title='bbox 402 1167 452 1232; x_wconf 87' lang='lat' dir='ltr'><strong><em>vel</em></strong></span> <span class='ocrx_word' id='word_1_30' title='bbox 464 1187 502 1230; x_wconf 87' lang='lat' dir='ltr'><strong><em>ex</em></strong></span> <span class='ocrx_word' id='word_1_31' title='bbox 512 1167 727 1248; x_wconf 87' lang='lat' dir='ltr'><strong><em>jurepositiro</em></strong></span> <span class='ocrx_word' id='word_1_32' title='bbox 741 1170 950 1234; x_wconf 86' lang='lat' dir='ltr'><strong><em>ecclesiastico</em></strong></span> <span class='ocrx_word' id='word_1_33' title='bbox 966 1172 1074 1234; x_wconf 92' lang='lat' dir='ltr'><strong><em>oriun-</em></strong></span> 
     </span>
     <span class='ocr_line' id='line_1_8' title="bbox 136 1261 1072 1344; baseline -0.006 -8"><span class='ocrx_word' id='word_1_34' title='bbox 136 1276 200 1336; x_wconf 85' lang='lat' dir='ltr'><strong><em>tur.</em></strong></span> <span class='ocrx_word' id='word_1_35' title='bbox 217 1264 380 1331; x_wconf 78' lang='lat' dir='ltr'><strong><em>Generalis</em></strong></span> <span class='ocrx_word' id='word_1_36' title='bbox 393 1263 546 1325; x_wconf 86' lang='lat' dir='ltr'><strong><em>laicorum</em></strong></span> <span class='ocrx_word' id='word_1_37' title='bbox 560 1261 726 1339; x_wconf 90' lang='lat' dir='ltr'><strong><em>distinctio,</em></strong></span> <span class='ocrx_word' id='word_1_38' title='bbox 736 1262 808 1344; x_wconf 87' lang='lat' dir='ltr'><strong><em>jure</em></strong></span> <span class='ocrx_word' id='word_1_39' title='bbox 819 1265 952 1342; x_wconf 90' lang='lat' dir='ltr'><strong><em>positivo</em></strong></span> <span class='ocrx_word' id='word_1_40' title='bbox 967 1266 1072 1330; x_wconf 89' lang='lat' dir='ltr'><strong><em>divino</em></strong></span> 
     </span>
     <span class='ocr_line' id='line_1_9' title="bbox 136 1355 1074 1440; baseline -0.009 -12"><span class='ocrx_word' id='word_1_41' title='bbox 136 1366 278 1440; x_wconf 89' lang='lat' dir='ltr'><strong><em>inducta,</em></strong></span> <span class='ocrx_word' id='word_1_42' title='bbox 295 1377 331 1421; x_wconf 87' lang='lat' dir='ltr'><strong><em>ea</em></strong></span> <span class='ocrx_word' id='word_1_43' title='bbox 347 1361 395 1419; x_wconf 86' lang='lat' dir='ltr'><strong><em>est</em></strong></span> <span class='ocrx_word' id='word_1_44' title='bbox 409 1375 480 1436; x_wconf 75' lang='lat' dir='ltr'><strong><em>quac</em></strong></span> <span class='ocrx_word' id='word_1_45' title='bbox 498 1355 631 1417; x_wconf 88' lang='lat' dir='ltr'><strong><em>resultat</em></strong></span> <span class='ocrx_word' id='word_1_46' title='bbox 651 1374 689 1416; x_wconf 87' lang='lat' dir='ltr'><strong><em>ex</em></strong></span> <span class='ocrx_word' id='word_1_47' title='bbox 706 1355 894 1436; x_wconf 85' lang='lat' dir='ltr'><strong><em>baptismate</em></strong></span> <span class='ocrx_word' id='word_1_48' title='bbox 916 1361 947 1420; x_wconf 89' lang='lat' dir='ltr'><strong><em>et</em></strong></span> <span class='ocrx_word' id='word_1_49' title='bbox 959 1361 1074 1421; x_wconf 85' lang='lat' dir='ltr'><strong><em>confrr-</em></strong></span> 
     </span>
     <span class='ocr_line' id='line_1_10' title="bbox 136 1447 1073 1532; baseline -0.009 -10"><span class='ocrx_word' id='word_1_50' title='bbox 136 1457 289 1532; x_wconf 86' lang='lat' dir='ltr'><strong><em>matione,</em></strong></span> <span class='ocrx_word' id='word_1_51' title='bbox 306 1448 511 1515; x_wconf 71' lang='lat' dir='ltr'><strong><em>sacramentis</em></strong></span> <span class='ocrx_word' id='word_1_52' title='bbox 523 1447 627 1509; x_wconf 80' lang='lat' dir='ltr'><strong><em>laicali</em></strong></span> <span class='ocrx_word' id='word_1_53' title='bbox 639 1449 853 1511; x_wconf 86' lang='lat' dir='ltr'><strong><em>communioni</em></strong></span> <span class='ocrx_word' id='word_1_54' title='bbox 868 1453 1073 1530; x_wconf 89' lang='lat' dir='ltr'><strong><em>competenti-</em></strong></span> 
     </span>
     <span class='ocr_line' id='line_1_11' title="bbox 137 1543 1073 1624; baseline -0.011 -7"><span class='ocrx_word' id='word_1_55' title='bbox 137 1553 208 1616; x_wconf 89' lang='lat' dir='ltr'><strong><em>bus.</em></strong></span> <span class='ocrx_word' id='word_1_56' title='bbox 224 1546 397 1614; x_wconf 88' lang='lat' dir='ltr'><strong><em>Perfecticr</em></strong></span> <span class='ocrx_word' id='word_1_57' title='bbox 409 1546 457 1606; x_wconf 87' lang='lat' dir='ltr'><strong><em>est</em></strong></span> <span class='ocrx_word' id='word_1_58' title='bbox 470 1544 570 1604; x_wconf 86' lang='lat' dir='ltr'><strong><em>status</em></strong></span> <span class='ocrx_word' id='word_1_59' title='bbox 580 1543 836 1604; x_wconf 86' lang='lat' dir='ltr'><strong><em>confirmatorum</em></strong></span> <span class='ocrx_word' id='word_1_60' title='bbox 847 1563 942 1624; x_wconf 89' lang='lat' dir='ltr'><strong><em>quam</em></strong></span> <span class='ocrx_word' id='word_1_61' title='bbox 956 1545 1073 1624; x_wconf 91' lang='lat' dir='ltr'><strong><em>simpli-</em></strong></span> 
     </span>
     <span class='ocr_line' id='line_1_12' title="bbox 137 1635 1072 1720; baseline -0.011 -10"><span class='ocrx_word' id='word_1_62' title='bbox 137 1647 216 1710; x_wconf 85' lang='lat' dir='ltr'><strong><em>citer</em></strong></span> <span class='ocrx_word' id='word_1_63' title='bbox 230 1641 475 1720; x_wconf 87' lang='lat' dir='ltr'><strong><em>baptizatorum.</em></strong></span> <span class='ocrx_word' id='word_1_64' title='bbox 489 1636 660 1714; x_wconf 77' lang='lat' dir='ltr'><strong>Propterea</strong></span> <span class='ocrx_word' id='word_1_65' title='bbox 674 1635 910 1717; x_wconf 86' lang='lat' dir='ltr'><strong><em>quaedamjura‚</em></strong></span> <span class='ocrx_word' id='word_1_66' title='bbox 925 1638 1072 1718; x_wconf 88' lang='lat' dir='ltr'><strong><em>quaedam</em></strong></span> 
     </span>
     <span class='ocr_line' id='line_1_13' title="bbox 135 1728 1072 1813; baseline -0.012 -9"><span class='ocrx_word' id='word_1_67' title='bbox 135 1738 243 1804; x_wconf 87' lang='lat' dir='ltr'><strong><em>officia</em></strong></span> <span class='ocrx_word' id='word_1_68' title='bbox 253 1734 438 1813; x_wconf 86' lang='lat' dir='ltr'><strong><em>competunt</em></strong></span> <span class='ocrx_word' id='word_1_69' title='bbox 444 1728 647 1806; x_wconf 78' lang='lat' dir='ltr'><strong><em>consumatis,</em></strong></span> <span class='ocrx_word' id='word_1_70' title='bbox 658 1747 792 1809; x_wconf 89' lang='lat' dir='ltr'><strong><em>quorum</em></strong></span> <span class='ocrx_word' id='word_1_71' title='bbox 804 1730 987 1810; x_wconf 89' lang='lat' dir='ltr'><strong><em>simpliciter</em></strong></span> <span class='ocrx_word' id='word_1_72' title='bbox 996 1731 1072 1812; x_wconf 86' lang='lat' dir='ltr'><strong><em>bap·</em></strong></span> 
     </span>
     <span class='ocr_line' id='line_1_14' title="bbox 136 1821 1073 1906; baseline -0.01 -9"><span class='ocrx_word' id='word_1_73' title='bbox 136 1831 224 1898; x_wconf 81' lang='lat' dir='ltr'><strong><em>tizati</em></strong></span> <span class='ocrx_word' id='word_1_74' title='bbox 238 1846 302 1891; x_wconf 91' lang='lat' dir='ltr'><strong><em>non</em></strong></span> <span class='ocrx_word' id='word_1_75' title='bbox 313 1827 387 1888; x_wconf 91' lang='lat' dir='ltr'><strong><em>sunt</em></strong></span> <span class='ocrx_word' id='word_1_76' title='bbox 400 1821 580 1904; x_wconf 79' lang='lat' dir='ltr'><strong><em>participes.</em></strong></span> <span class='ocrx_word' id='word_1_77' title='bbox 595 1822 647 1884; x_wconf 90' lang='lat' dir='ltr'><strong><em>Sic</em></strong></span> <span class='ocrx_word' id='word_1_78' title='bbox 668 1822 700 1884; x_wconf 90' lang='lat' dir='ltr'><strong><em>in</em></strong></span> <span class='ocrx_word' id='word_1_79' title='bbox 715 1826 798 1886; x_wconf 89' lang='lat' dir='ltr'><strong><em>statu</em></strong></span> <span class='ocrx_word' id='word_1_80' title='bbox 811 1823 893 1885; x_wconf 85' lang='lat' dir='ltr'><strong><em>civili</em></strong></span> <span class='ocrx_word' id='word_1_81' title='bbox 909 1823 1073 1906; x_wconf 79' lang='lat' dir='ltr'><strong><em>distingui-</em></strong></span> 
     </span>
     <span class='ocr_line' id='line_1_15' title="bbox 137 1915 1072 1998; baseline -0.009 -8"><span class='ocrx_word' id='word_1_82' title='bbox 137 1945 210 1989; x_wconf 87' lang='lat' dir='ltr'><strong><em>mus</em></strong></span> <span class='ocrx_word' id='word_1_83' title='bbox 219 1922 334 1985; x_wconf 90' lang='lat' dir='ltr'><strong><em>milites</em></strong></span> <span class='ocrx_word' id='word_1_84' title='bbox 344 1916 518 1998; x_wconf 76' lang='lat' dir='ltr'><strong><em>apaganis;</em></strong></span> <span class='ocrx_word' id='word_1_85' title='bbox 531 1915 618 1976; x_wconf 88' lang='lat' dir='ltr'><strong><em>sicin</em></strong></span> <span class='ocrx_word' id='word_1_86' title='bbox 628 1919 711 1978; x_wconf 85' lang='lat' dir='ltr'><strong><em>statu</em></strong></span> <span class='ocrx_word' id='word_1_87' title='bbox 723 1919 842 1979; x_wconf 87' lang='lat' dir='ltr'><strong><em>naturae</em></strong></span> <span class='ocrx_word' id='word_1_88' title='bbox 852 1917 1072 1998; x_wconf 81' lang='lat' dir='ltr'><strong><em>distinguimus</em></strong></span> 
     </span>
     <span class='ocr_line' id='line_1_16' title="bbox 137 2009 1072 2088; baseline -0.007 -4"><span class='ocrx_word' id='word_1_89' title='bbox 137 2021 223 2084; x_wconf 87' lang='lat' dir='ltr'><strong><em>viros</em></strong></span> <span class='ocrx_word' id='word_1_90' title='bbox 238 2017 278 2080; x_wconf 90' lang='lat' dir='ltr'><strong><em>ab</em></strong></span> <span class='ocrx_word' id='word_1_91' title='bbox 293 2011 476 2088; x_wconf 86' lang='lat' dir='ltr'><strong><em>infantibus,</em></strong></span> <span class='ocrx_word' id='word_1_92' title='bbox 499 2009 644 2072; x_wconf 69' lang='lat' dir='ltr'><strong><em>iuniores</em></strong></span> <span class='ocrx_word' id='word_1_93' title='bbox 657 2012 689 2072; x_wconf 90' lang='lat' dir='ltr'><strong><em>et</em></strong></span> <span class='ocrx_word' id='word_1_94' title='bbox 703 2010 895 2073; x_wconf 85' lang='lat' dir='ltr'><strong><em>robustiores</em></strong></span> <span class='ocrx_word' id='word_1_95' title='bbox 908 2031 928 2072; x_wconf 88' lang='lat' dir='ltr'><strong><em>a</em></strong></span> <span class='ocrx_word' id='word_1_96' title='bbox 942 2011 1072 2077; x_wconf 89' lang='lat' dir='ltr'><strong><em>debilio-</em></strong></span> 
     </span>
     <span class='ocr_line' id='line_1_17' title="bbox 141 2106 433 2177; baseline -0.041 0"><span class='ocrx_word' id='word_1_97' title='bbox 141 2115 231 2177; x_wconf 88' lang='lat' dir='ltr'><strong><em>ribus</em></strong></span> <span class='ocrx_word' id='word_1_98' title='bbox 245 2115 278 2172; x_wconf 87' lang='lat' dir='ltr'><strong><em>et</em></strong></span> <span class='ocrx_word' id='word_1_99' title='bbox 290 2106 433 2169; x_wconf 90' lang='lat' dir='ltr'><strong><em>infirmis.</em></strong></span> 
     </span>
    </p>

    <p class='ocr_par' dir='ltr' id='par_1_5' title="bbox 138 2196 1073 2567">
     <span class='ocr_line' id='line_1_18' title="bbox 180 2196 1072 2283; baseline -0.006 -14"><span class='ocrx_word' id='word_1_100' title='bbox 180 2207 290 2269; x_wconf 87' lang='lat' dir='ltr'><strong><em>Plures</em></strong></span> <span class='ocrx_word' id='word_1_101' title='bbox 308 2199 461 2263; x_wconf 85' lang='lat' dir='ltr'><strong><em>resultant</em></strong></span> <span class='ocrx_word' id='word_1_102' title='bbox 483 2196 699 2260; x_wconf 83' lang='lat' dir='ltr'><strong><em>distinctiones</em></strong></span> <span class='ocrx_word' id='word_1_103' title='bbox 711 2197 865 2262; x_wconf 89' lang='lat' dir='ltr'><strong><em>laicorum</em></strong></span> <span class='ocrx_word' id='word_1_104' title='bbox 880 2220 918 2263; x_wconf 85' lang='lat' dir='ltr'><strong><em>ex</em></strong></span> <span class='ocrx_word' id='word_1_105' title='bbox 931 2200 1004 2283; x_wconf 85' lang='lat' dir='ltr'><strong><em>jura</em></strong></span> <span class='ocrx_word' id='word_1_106' title='bbox 1019 2219 1072 2266; x_wconf 90' lang='lat' dir='ltr'><strong><em>na-</em></strong></span> 
     </span>
     <span class='ocr_line' id='line_1_19' title="bbox 139 2291 1073 2376; baseline -0.007 -11"><span class='ocrx_word' id='word_1_107' title='bbox 139 2300 235 2366; x_wconf 87' lang='lat' dir='ltr'><strong><em>turali</em></strong></span> <span class='ocrx_word' id='word_1_108' title='bbox 245 2301 277 2359; x_wconf 85' lang='lat' dir='ltr'><strong><em>et</em></strong></span> <span class='ocrx_word' id='word_1_109' title='bbox 290 2293 442 2376; x_wconf 82' lang='lat' dir='ltr'><strong><em>gentium,</em></strong></span> <span class='ocrx_word' id='word_1_110' title='bbox 458 2292 545 2371; x_wconf 91' lang='lat' dir='ltr'><strong><em>quod</em></strong></span> <span class='ocrx_word' id='word_1_111' title='bbox 558 2291 698 2354; x_wconf 81' lang='lat' dir='ltr'><strong><em>Ecclesia</em></strong></span> <span class='ocrx_word' id='word_1_112' title='bbox 711 2296 819 2372; x_wconf 87' lang='lat' dir='ltr'><strong><em>utpote</em></strong></span> <span class='ocrx_word' id='word_1_113' title='bbox 832 2294 974 2356; x_wconf 91' lang='lat' dir='ltr'><strong><em>divinum</em></strong></span> <span class='ocrx_word' id='word_1_114' title='bbox 985 2315 1073 2359; x_wconf 89' lang='lat' dir='ltr'><strong><em>rece-</em></strong></span> 
     </span>
     <span class='ocr_line' id='line_1_20' title="bbox 140 2385 1072 2478; baseline -0.006 -20"><span class='ocrx_word' id='word_1_115' title='bbox 140 2396 203 2478; x_wconf 86' lang='lat' dir='ltr'><strong><em>pit,</em></strong></span> <span class='ocrx_word' id='word_1_116' title='bbox 220 2393 284 2454; x_wconf 91' lang='lat' dir='ltr'><strong><em>imo</em></strong></span> <span class='ocrx_word' id='word_1_117' title='bbox 305 2387 429 2450; x_wconf 90' lang='lat' dir='ltr'><strong><em>mandis</em></strong></span> <span class='ocrx_word' id='word_1_118' title='bbox 453 2388 660 2464; x_wconf 78' lang='lat' dir='ltr'><strong><em>expurgatum</em></strong></span> <span class='ocrx_word' id='word_1_119' title='bbox 684 2385 797 2465; x_wconf 86' lang='lat' dir='ltr'><strong><em>quibus</em></strong></span> <span class='ocrx_word' id='word_1_120' title='bbox 821 2387 985 2450; x_wconf 90' lang='lat' dir='ltr'><strong><em>hominum</em></strong></span> <span class='ocrx_word' id='word_1_121' title='bbox 997 2391 1072 2453; x_wconf 87' lang='lat' dir='ltr'><strong><em>vitia</em></strong></span> 
     </span>
     <span class='ocr_line' id='line_1_21' title="bbox 138 2479 1008 2567; baseline -0.009 -15"><span class='ocrx_word' id='word_1_122' title='bbox 138 2485 358 2567; x_wconf 85' lang='lat' dir='ltr'><strong><em>corruperant,</em></strong></span> <span class='ocrx_word' id='word_1_123' title='bbox 372 2481 404 2540; x_wconf 92' lang='lat' dir='ltr'><strong><em>in</em></strong></span> <span class='ocrx_word' id='word_1_124' title='bbox 420 2480 516 2540; x_wconf 87' lang='lat' dir='ltr'><strong><em>finam</em></strong></span> <span class='ocrx_word' id='word_1_125' title='bbox 528 2479 798 2558; x_wconf 80' lang='lat' dir='ltr'><strong><em>supernaturalem</em></strong></span> <span class='ocrx_word' id='word_1_126' title='bbox 812 2483 1008 2545; x_wconf 82' lang='lat' dir='ltr'><strong><em>restaurarit.</em></strong></span> 
     </span>
    </p>

    <p class='ocr_par' dir='ltr' id='par_1_6' title="bbox 132 2571 1071 3604">
     <span class='ocr_line' id='line_1_22' title="bbox 182 2571 1070 2660; baseline -0.007 -16"><span class='ocrx_word' id='word_1_127' title='bbox 182 2581 251 2660; x_wconf 80' lang='lat' dir='ltr'><strong><em>Sic,</em></strong></span> <span class='ocrx_word' id='word_1_128' title='bbox 271 2581 301 2639; x_wconf 78' lang='lat'><strong><em>1⁰</em></strong></span> <span class='ocrx_word' id='word_1_129' title='bbox 323 2576 397 2657; x_wconf 81' lang='lat' dir='ltr'><strong><em>jure</em></strong></span> <span class='ocrx_word' id='word_1_130' title='bbox 408 2572 544 2635; x_wconf 86' lang='lat' dir='ltr'><strong><em>naturali</em></strong></span> <span class='ocrx_word' id='word_1_131' title='bbox 569 2571 770 2652; x_wconf 83' lang='lat' dir='ltr'><strong><em>distinguitur</em></strong></span> <span class='ocrx_word' id='word_1_132' title='bbox 790 2591 893 2652; x_wconf 84' lang='lat' dir='ltr'><strong><em>sexus,</em></strong></span> <span class='ocrx_word' id='word_1_133' title='bbox 914 2574 1070 2655; x_wconf 87' lang='lat' dir='ltr'><strong><em>siquidem</em></strong></span> 
     </span>
     <span class='ocr_line' id='line_1_23' title="bbox 140 2665 1071 2744; baseline -0.008 -5"><span class='ocrx_word' id='word_1_134' title='bbox 140 2677 219 2739; x_wconf 87' lang='lat' dir='ltr'><strong><em>alter</em></strong></span> <span class='ocrx_word' id='word_1_135' title='bbox 236 2676 283 2735; x_wconf 91' lang='lat' dir='ltr'><strong><em>est</em></strong></span> <span class='ocrx_word' id='word_1_136' title='bbox 296 2670 447 2744; x_wconf 83' lang='lat' dir='ltr'><strong><em>virorum,</em></strong></span> <span class='ocrx_word' id='word_1_137' title='bbox 462 2665 542 2728; x_wconf 87' lang='lat' dir='ltr'><strong><em>alter</em></strong></span> <span class='ocrx_word' id='word_1_138' title='bbox 559 2665 748 2726; x_wconf 85' lang='lat' dir='ltr'><strong><em>feminarum</em></strong></span> <span class='ocrx_word' id='word_1_139' title='bbox 761 2668 870 2730; x_wconf 87' lang='lat' dir='ltr'><strong><em>status.</em></strong></span> <span class='ocrx_word' id='word_1_140' title='bbox 884 2667 971 2729; x_wconf 88' lang='lat' dir='ltr'><strong><em>Sicut</em></strong></span> <span class='ocrx_word' id='word_1_141' title='bbox 986 2673 1071 2732; x_wconf 87' lang='lat' dir='ltr'><strong><em>uter-</em></strong></span> 
     </span>
     <span class='ocr_line' id='line_1_24' title="bbox 139 2758 1070 2852; baseline -0.009 -20"><span class='ocrx_word' id='word_1_142' title='bbox 139 2788 200 2852; x_wconf 91' lang='lat' dir='ltr'><strong><em>que</em></strong></span> <span class='ocrx_word' id='word_1_143' title='bbox 210 2785 303 2830; x_wconf 83' lang='lat' dir='ltr'><strong><em>sexus</em></strong></span> <span class='ocrx_word' id='word_1_144' title='bbox 318 2783 338 2824; x_wconf 88' lang='lat' dir='ltr'><strong><em>a</em></strong></span> <span class='ocrx_word' id='word_1_145' title='bbox 344 2760 466 2843; x_wconf 88' lang='lat' dir='ltr'><strong><em>justitia</em></strong></span> <span class='ocrx_word' id='word_1_146' title='bbox 478 2759 647 2835; x_wconf 85' lang='lat' dir='ltr'><strong><em>exciderat,</em></strong></span> <span class='ocrx_word' id='word_1_147' title='bbox 657 2758 701 2821; x_wconf 90' lang='lat' dir='ltr'><strong><em>ita</em></strong></span> <span class='ocrx_word' id='word_1_148' title='bbox 713 2762 845 2840; x_wconf 88' lang='lat' dir='ltr'><strong><em>uterque</em></strong></span> <span class='ocrx_word' id='word_1_149' title='bbox 855 2761 1070 2842; x_wconf 88' lang='lat' dir='ltr'><strong><em>redemptione</em></strong></span> 
     </span>
     <span class='ocr_line' id='line_1_25' title="bbox 139 2853 1071 2934; baseline -0.009 -7"><span class='ocrx_word' id='word_1_150' title='bbox 139 2861 252 2928; x_wconf 82' lang='lat' dir='ltr'><strong><em>Christi</em></strong></span> <span class='ocrx_word' id='word_1_151' title='bbox 272 2862 320 2920; x_wconf 83' lang='lat' dir='ltr'><strong><em>est</em></strong></span> <span class='ocrx_word' id='word_1_152' title='bbox 342 2857 517 2934; x_wconf 86' lang='lat' dir='ltr'><strong><em>reparatus.</em></strong></span> <span class='ocrx_word' id='word_1_153' title='bbox 534 2855 673 2932; x_wconf 87' lang='lat' dir='ltr'><strong><em>Uterque</em></strong></span> <span class='ocrx_word' id='word_1_154' title='bbox 694 2853 826 2933; x_wconf 89' lang='lat' dir='ltr'><strong><em>proinde</em></strong></span> <span class='ocrx_word' id='word_1_155' title='bbox 851 2854 883 2915; x_wconf 94' lang='lat' dir='ltr'><strong><em>in</em></strong></span> <span class='ocrx_word' id='word_1_156' title='bbox 898 2855 1071 2919; x_wconf 82' lang='lat' dir='ltr'><strong><em>Ecclesiam</em></strong></span> 
     </span>
     <span class='ocr_line' id='line_1_26' title="bbox 138 2944 1070 3030; baseline -0.009 -11"><span class='ocrx_word' id='word_1_157' title='bbox 138 2954 325 3030; x_wconf 83' lang='lat' dir='ltr'><strong><em>admittitur,</em></strong></span> <span class='ocrx_word' id='word_1_158' title='bbox 343 2949 399 3011; x_wconf 88' lang='lat' dir='ltr'><strong><em>sed</em></strong></span> <span class='ocrx_word' id='word_1_159' title='bbox 422 2947 466 3010; x_wconf 87' lang='lat' dir='ltr'><strong><em>ita</em></strong></span> <span class='ocrx_word' id='word_1_160' title='bbox 484 2950 520 3008; x_wconf 88' lang='lat' dir='ltr'><strong><em>ut</em></strong></span> <span class='ocrx_word' id='word_1_161' title='bbox 533 2944 684 3008; x_wconf 88' lang='lat' dir='ltr'><strong><em>naturalis</em></strong></span> <span class='ocrx_word' id='word_1_162' title='bbox 704 2947 906 3026; x_wconf 86' lang='lat' dir='ltr'><strong><em>superioritas</em></strong></span> <span class='ocrx_word' id='word_1_163' title='bbox 924 2949 983 3010; x_wconf 90' lang='lat' dir='ltr'><strong><em>viri</em></strong></span> <span class='ocrx_word' id='word_1_164' title='bbox 1004 2969 1070 3011; x_wconf 91' lang='lat' dir='ltr'><strong><em>ser-</em></strong></span> 
     </span>
     <span class='ocr_line' id='line_1_27' title="bbox 137 3039 1069 3128; baseline -0.01 -14"><span class='ocrx_word' id='word_1_165' title='bbox 137 3054 239 3128; x_wconf 86' lang='lat' dir='ltr'><strong><em>vetur,</em></strong></span> <span class='ocrx_word' id='word_1_166' title='bbox 266 3044 422 3127; x_wconf 87' lang='lat' dir='ltr'><strong><em>siquidem</em></strong></span> <span class='ocrx_word' id='word_1_167' title='bbox 445 3041 494 3102; x_wconf 84' lang='lat' dir='ltr'><strong><em>vir</em></strong></span> <span class='ocrx_word' id='word_1_168' title='bbox 512 3043 607 3119; x_wconf 88' lang='lat' dir='ltr'><strong><em>caput</em></strong></span> <span class='ocrx_word' id='word_1_169' title='bbox 627 3039 767 3102; x_wconf 89' lang='lat' dir='ltr'><strong><em>mulieris</em></strong></span> <span class='ocrx_word' id='word_1_170' title='bbox 788 3045 845 3119; x_wconf 88' lang='lat' dir='ltr'><strong><em>est,</em></strong></span> <span class='ocrx_word' id='word_1_171' title='bbox 872 3061 935 3103; x_wconf 91' lang='lat' dir='ltr'><strong><em>non</em></strong></span> <span class='ocrx_word' id='word_1_172' title='bbox 955 3043 1069 3105; x_wconf 91' lang='lat' dir='ltr'><strong><em>mulier</em></strong></span> 
     </span>
     <span class='ocr_line' id='line_1_28' title="bbox 137 3133 1069 3224; baseline -0.01 -17"><span class='ocrx_word' id='word_1_173' title='bbox 137 3147 233 3224; x_wconf 85' lang='lat' dir='ltr'><strong><em>eaput</em></strong></span> <span class='ocrx_word' id='word_1_174' title='bbox 259 3141 329 3205; x_wconf 88' lang='lat' dir='ltr'><strong><em>viri.</em></strong></span> <span class='ocrx_word' id='word_1_175' title='bbox 359 3139 462 3210; x_wconf 84' lang='lat' dir='ltr'><strong><em>Quare</em></strong></span> <span class='ocrx_word' id='word_1_176' title='bbox 484 3133 640 3210; x_wconf 75' lang='lat' dir='ltr'><strong><em>circuiri,</em></strong></span> <span class='ocrx_word' id='word_1_177' title='bbox 667 3133 732 3195; x_wconf 87' lang='lat' dir='ltr'><strong><em>sive</em></strong></span> <span class='ocrx_word' id='word_1_178' title='bbox 759 3136 883 3197; x_wconf 76' lang='lat' dir='ltr'><strong><em>femina</em></strong></span> <span class='ocrx_word' id='word_1_179' title='bbox 907 3136 1069 3216; x_wconf 87' lang='lat' dir='ltr'><strong><em>acquirere</em></strong></span> 
     </span>
     <span class='ocr_line' id='line_1_29' title="bbox 136 3227 1068 3318; baseline -0.01 -17"><span class='ocrx_word' id='word_1_180' title='bbox 136 3239 269 3318; x_wconf 89' lang='lat' dir='ltr'><strong><em>possunt</em></strong></span> <span class='ocrx_word' id='word_1_181' title='bbox 291 3232 435 3294; x_wconf 87' lang='lat' dir='ltr'><strong><em>laicalem</em></strong></span> <span class='ocrx_word' id='word_1_182' title='bbox 462 3227 674 3290; x_wconf 87' lang='lat' dir='ltr'><strong><em>conditionem</em></strong></span> <span class='ocrx_word' id='word_1_183' title='bbox 696 3227 729 3287; x_wconf 92' lang='lat' dir='ltr'><strong><em>in</em></strong></span> <span class='ocrx_word' id='word_1_184' title='bbox 748 3228 904 3304; x_wconf 76' lang='lat' dir='ltr'><strong><em>Ecclesia3</em></strong></span> <span class='ocrx_word' id='word_1_185' title='bbox 933 3230 989 3290; x_wconf 89' lang='lat' dir='ltr'><strong><em>sed</em></strong></span> <span class='ocrx_word' id='word_1_186' title='bbox 1009 3230 1068 3292; x_wconf 85' lang='lat' dir='ltr'><strong><em>viri</em></strong></span> 
     </span>
     <span class='ocr_line' id='line_1_30' title="bbox 137 3322 1069 3410; baseline -0.011 -16"><span class='ocrx_word' id='word_1_187' title='bbox 137 3334 247 3410; x_wconf 83' lang='lat' dir='ltr'><strong><em>optare</em></strong></span> <span class='ocrx_word' id='word_1_188' title='bbox 270 3327 402 3407; x_wconf 91' lang='lat' dir='ltr'><strong><em>possunt</em></strong></span> <span class='ocrx_word' id='word_1_189' title='bbox 423 3322 616 3399; x_wconf 82' lang='lat' dir='ltr'><strong><em>clericatum,</em></strong></span> <span class='ocrx_word' id='word_1_190' title='bbox 638 3338 733 3400; x_wconf 91' lang='lat' dir='ltr'><strong><em>quem</em></strong></span> <span class='ocrx_word' id='word_1_191' title='bbox 746 3339 809 3382; x_wconf 90' lang='lat' dir='ltr'><strong><em>nnn</em></strong></span> <span class='ocrx_word' id='word_1_192' title='bbox 826 3322 961 3385; x_wconf 87' lang='lat' dir='ltr'><strong><em>feminae.</em></strong></span> <span class='ocrx_word' id='word_1_193' title='bbox 978 3322 1069 3386; x_wconf 90' lang='lat' dir='ltr'><strong><em>Unde</em></strong></span> 
     </span>
     <span class='ocr_line' id='line_1_31' title="bbox 136 3416 1067 3492; baseline -0.008 -6"><span class='ocrx_word' id='word_1_194' title='bbox 136 3422 380 3486; x_wconf 84' lang='lat' dir='ltr'><strong><em>christianorum</em></strong></span> <span class='ocrx_word' id='word_1_195' title='bbox 408 3417 549 3479; x_wconf 87' lang='lat' dir='ltr'><strong><em>virorum</em></strong></span> <span class='ocrx_word' id='word_1_196' title='bbox 578 3418 688 3492; x_wconf 89' lang='lat' dir='ltr'><strong><em>status,</em></strong></span> <span class='ocrx_word' id='word_1_197' title='bbox 726 3431 834 3477; x_wconf 88' lang='lat' dir='ltr'><strong><em>coram</em></strong></span> <span class='ocrx_word' id='word_1_198' title='bbox 858 3416 1067 3480; x_wconf 86' lang='lat' dir='ltr'><strong><em>ecclesiastico</em></strong></span> 
     </span>
     <span class='ocr_line' id='line_1_32' title="bbox 132 3509 824 3604; baseline -0.009 -25"><span class='ocrx_word' id='word_1_199' title='bbox 132 3516 217 3604; x_wconf 87' lang='lat' dir='ltr'><strong><em>jura,</em></strong></span> <span class='ocrx_word' id='word_1_200' title='bbox 230 3513 365 3576; x_wconf 87' lang='lat' dir='ltr'><strong><em>femineo</em></strong></span> <span class='ocrx_word' id='word_1_201' title='bbox 379 3511 482 3574; x_wconf 85' lang='lat' dir='ltr'><strong><em>laicali</em></strong></span> <span class='ocrx_word' id='word_1_202' title='bbox 493 3512 576 3572; x_wconf 89' lang='lat' dir='ltr'><strong><em>statu</em></strong></span> <span class='ocrx_word' id='word_1_203' title='bbox 585 3509 753 3588; x_wconf 86' lang='lat' dir='ltr'><strong><em>perfectior</em></strong></span> <span class='ocrx_word' id='word_1_204' title='bbox 767 3512 824 3573; x_wconf 90' lang='lat' dir='ltr'><strong><em>est.</em></strong></span> 
     </span>
    </p>
   </div>
   <div class='ocr_carea' id='block_1_5' title="bbox 177 3602 1064 3692">
    <p class='ocr_par' dir='ltr' id='par_1_7' title="bbox 177 3602 1064 3692">
     <span class='ocr_line' id='line_1_33' title="bbox 177 3602 1064 3692; baseline -0.011 -12"><span class='ocrx_word' id='word_1_205' title='bbox 177 3611 209 3680; x_wconf 73' lang='lat'><strong><em>2⁰</em></strong></span> <span class='ocrx_word' id='word_1_206' title='bbox 229 3609 339 3675; x_wconf 82' lang='lat' dir='ltr'><strong><em>Plures</em></strong></span> <span class='ocrx_word' id='word_1_207' title='bbox 357 3604 570 3674; x_wconf 80' lang='lat' dir='ltr'><strong><em>distinctiones</em></strong></span> <span class='ocrx_word' id='word_1_208' title='bbox 581 3602 653 3686; x_wconf 82' lang='lat' dir='ltr'><strong><em>jura</em></strong></span> <span class='ocrx_word' id='word_1_209' title='bbox 676 3606 797 3668; x_wconf 83' lang='lat' dir='ltr'><strong><em>naturae</em></strong></span> <span class='ocrx_word' id='word_1_210' title='bbox 823 3604 959 3672; x_wconf 86' lang='lat' dir='ltr'><strong><em>inductae</em></strong></span> <span class='ocrx_word' id='word_1_211' title='bbox 981 3608 1064 3692; x_wconf 76' lang='lat' dir='ltr'><strong><em>suut,</em></strong></span> 
     </span>
    </p>
   </div>
   <div class='ocr_carea' id='block_1_6' title="bbox 0 0 1246 4016">
    <p class='ocr_par' dir='ltr' id='par_1_8' title="bbox 0 0 1246 4016">
     <span class='ocr_line' id='line_1_34' title="bbox 0 0 1246 4016; baseline 0 1"><span class='ocrx_word' id='word_1_212' title='bbox 0 0 1246 4016; x_wconf 95' lang='lat' dir='ltr'><strong><em> </em></strong></span> 
     </span>
    </p>
   </div>
  </div>
 </body>
</html>
