2546 4016
334 299 442 348 166166
463 299 615 346 serenus
635 299 717 346 66616
739 299 893 348 canorum.
1022 287 1078 349 131

143 449 180 508 61
199 445 418 524 interpretari3
446 463 520 505 nam
538 445 611 506 lieet
629 444 727 524 judex
750 445 935 508 constitutus
948 463 1011 507 non
1041 446 1081 508 sit

141 539 289 619 prolege
303 537 551 615 interpretanda,
568 538 623 598 sed
638 556 694 616 pro
710 539 779 616 lege
793 538 990 617 applicanda,
1007 557 1079 600 eum

142 637 255 696 tamen
268 634 356 693 reeta
374 630 452 709 legis
474 629 639 709 applicatio
658 634 777 691 rectam
792 631 1079 710 interpretationem

143 727 317 804 supponat,
330 723 403 783 inde
413 722 605 801 impossibile
618 726 665 784 661
674 721 772 802 judiei
784 742 840 784 suo
851 724 939 803 fungi
950 721 1080 786 munere

144 818 208 878 nisi
225 817 339 877 saltem
353 816 385 874 in
398 816 493 877 rebus
507 815 617 892 616116,
628 815 805 892 ordinariis,
816 816 1018 895 166111661166,
1028 818 1081 898 jus

142 911 383 988 interpretetur.
407 910 481 968 Hae
499 911 605 969 autem
625 908 840 986 interpretatio
864 909 978 971 dieitur
993 910 1082 990 judi-

144 1003 243 1077 616116,
267 1001 358 1082 eujus
372 1001 420 1061 vis
438 1001 676 1062 6666661661166
691 1019 754 1062 non
769 1001 892 1062 66666111
903 1002 1016 1062 limites
1027 1021 1082 1081 pe-

144 1095 275 1158 66116616
313 1093 476 1156 sententia
504 1094 555 1155 vel
583 1093 715 1174 judicati
747 1115 754 1155 :
785 1094 942 1155 ordinarie
969 1113 1081 1173 nempe

144 1187 320 1270 loquendo,
337 1186 389 1266 jus
401 1186 476 1248 faeit
490 1187 572 1247 inter
586 1191 690 1266 partes
704 1187 873 1267 litigantes,
889 1188 922 1247 in
935 1186 1083 1248 determi-

146 1286 225 1344 nata
248 1280 303 1340 1116
327 1280 366 1340 de
391 1298 454 1358 666
485 1279 589 1358 agitur
609 1281 832 1364 controuersia,
857 1299 915 1342 666
936 1282 977 1342 ad
1006 1280 1083 1342 61166

145 1375 266 1437 similes
276 1373 506 1434 controversias
516 1375 619 1451 potest
627 1373 761 1450 extendi,
771 1373 881 1436 saltem
889 1374 948 1434 6161
960 1374 1082 1435 1166616-

146 1465 333 1546 terpretatio
348 1466 508 1546 1661616166
521 1466 612 1527 66616
621 1467 670 1527 661
680 1467 789 1546 praetr
801 1465 873 1547 fort,
887 1486 949 1546 666
963 1467 996 1526 16
1007 1485 1083 1528 6666

146 1560 313 1624 sententia
328 1559 379 1619 vel
392 1577 443 1619 res
451 1558 600 1639 judicatae
611 1559 675 1619 vim
689 1559 767 1638 legis
779 1560 929 1639 66666661
940 1562 1080 1638 6666661.

190 1657 325 1715 Domum
347 1655 377 1712 61
392 1651 581 1731 jurisperitis
605 1637 706 1713 inesse
729 1652 929 1731 praesumitur
953 1652 1084 1713 leonites

143 1747 227 1829 juris
242 1745 480 1823 interpretandi,
497 1745 562 1806 6166
585 1749 620 1806 61
641 1745 751 1806 studiis
764 1745 1021 1824 jurisprudentiae
1037 1744 1085 1804 in-

149 1839 312 1915 oumbant,
329 1838 394 1899 6166
413 1841 447 1899 61
470 1837 547 1899 61166
566 1838 678 1919 juvent
699 1838 840 1915 oonsilio,
865 1838 959 1899 etita
979 1838 1085 1916 legum

151 1931 385 1995 observantiam
407 1934 585 2009 proeurent.
615 1934 689 1992 Haee
712 1931 928 2011 interpretatio
952 1949 1021 2011 6666
1046 1930 1085 1992 ab

151 2025 281 2087 eruditis
304 2026 356 2101 fit,
386 2023 501 2086 dieitur
527 2023 712 2100 6666666166,
740 2043 810 2104 6666
834 2026 962 2104 quidem
986 2025 1026 2085 de
1052 2043 1086 2084 66

151 2119 270 2180 nullam
290 2117 355 2178 vim
379 2116 475 2178 habet
501 2117 604 2196 prouti
624 2118 709 2178 nulla
729 2117 911 2197 jurisperito
936 2116 1088 2195 competit

150 2210 340 2282 auetoritas3
368 2210 423 2270 sed
446 2213 569 2272 tantum
590 2209 675 2271 valet
693 2214 846 2289 quantum
871 2208 1009 2270 rationes
1036 2209 1087 2270 661

152 2307 340 2384 6636166616
353 2320 422 2381 qum
435 2303 476 2363 ad
491 2321 562 2362 eam
575 2303 724 2364 tuendam
739 2304 952 2382 proferuntur.

192 2396 269 2458 Inde
280 2395 423 2457 oriuntur
436 2399 571 2475 quatuor
590 2395 650 2455 illae
666 2395 785 2473 speeies
808 2395 1086 2472 interpretationis,

153 2507 289 2568 quarum
306 2507 369 2548 una
388 2487 572 2563 authentica,
590 2487 730 2548 secunda
745 2486 872 2561 usualis,
895 2487 986 2548 tertia
1002 2486 1087 2567 judi-

153 2582 248 2656 cialis,
261 2584 374 2661 quarta
385 2580 556 2641 doctrinalis
571 2584 711 2642 6666166.

193 2676 231 2736 11.
246 2673 320 2750 ¹Sed
344 2673 546 2754 distinguitur
564 2673 793 2752 interpretatio,
818 2673 913 2736 etiam
931 2691 969 2732 ex
990 2672 1085 2733 modo

154 2785 217 2847 666
244 2770 403 2845 66666166,
431 2766 676 2846 siquidemfieri
700 2766 876 2846 661661661
904 2764 1088 2844 simpliciter

155 2860 344 2920 declarando
360 2859 458 2919 verba
474 2860 563 2939 16316,
578 2860 628 2920 661
640 2879 678 2919 66
690 2859 898 2941 extendendo,
917 2859 967 2921 661
979 2876 1087 2920 66666-

155 2953 263 3030 tando,
279 2956 314 3014 ut
328 2948 466 3013 mentem
480 2952 668 3031 legislatoris
683 2971 899 3032 assequamur.

195 3048 241 3106 Ex
255 3049 286 3107 1⁰
302 3045 528 3124 interpretandi
548 3046 642 3106 modo
661 3045 800 3107 66661166
821 3065 859 3106 66
871 3041 1086 3122 interpretatio

157 3157 225 3218 666
235 3139 350 3202 dieitur
363 3138 550 3213 declarativa,
564 3136 596 3197 16
609 3157 672 3217 666
685 3157 798 3217 nempe
813 3142 881 3200 tum
893 3137 1001 3212 verba,
1019 3137 1088 3195 turn

158 3231 483 3311 666166116163166661
496 3231 597 3310 gradu
606 3231 765 3292 incedunt.
783 3231 892 3293 Solum
904 3231 939 3291 111
952 3232 987 3289 61
1003 3245 1086 3308 quae·

160 3324 230 3385 dam
256 3325 354 3387 verba
379 3326 430 3386 661
453 3325 588 3386 obseura
610 3324 661 3385 661
682 3323 779 3384 dubia
793 3323 1016 3403 intelligantur.
1033 3323 1087 3384 1161

158 3417 251 3496 131166
267 3419 361 3478 haee:
384 3437 512 3497 6666666
532 3416 716 3478 obscurorum
744 3417 791 3478 vel
812 3415 966 3478 dubiorum
984 3413 1087 3477 verbo-

159 3529 223 3573 rum
237 3511 310 3592 lepis
319 3511 471 3592 expositio.
