2546 4016
364 295 470 343 meren
492 294 643 342 serentis
664 295 746 342 runis
768 292 922 342 canorum.
1048 281 1104 342 125

216 441 365 520 Sequenti
404 460 502 517 sea,
532 440 699 503 severinus
720 440 828 502 Binius
855 458 934 519 opus
959 439 1106 518 produxit

170 552 274 614 usque
289 534 329 594 ad
345 552 459 594 novem
472 534 642 610 volumina,
655 534 755 594 donec
765 533 918 594 Labbaeus
937 537 969 594 et
981 534 1105 594 Gossar-

169 627 245 702 tius,
271 626 364 688 ambo
386 645 424 686 ex
438 628 587 688 societate
606 628 696 697 lesu,
718 643 796 702 opus
813 625 873 686 hoc
890 625 1106 704 produxerunt

170 738 274 798 usque
298 720 339 780 ad
364 723 399 782 l'i
426 719 596 780 volumina.
620 721 827 779 decesserunt
850 718 953 779 studia
975 719 1101 794 Belusii‚

170 812 273 874 Golesi
295 816 326 874 et
344 813 565 888 recentiorum,
590 812 717 871 demum
731 813 748 871 J
752 809 861 870 oannis
875 813 911 872 D.
922 811 1034 888 Mauri,
1051 810 1103 892 qui

169 905 343 985 incoeptam
358 905 573 966 collectionem
589 903 791 965 conciliorum
810 903 1041 966 continuarunt.

265 1055 275 1107 ς
290 1059 325 1098 iii.
342 1063 511 1096 COLLEG'HONES
526 1065 674 1096 bacinorum
687 1065 815 1100 SAGBORUK
829 1063 1009 1098 carnuntum.

212 1182 250 1240 V.
280 1182 334 1242 Hae
357 1179 556 1242 collectiones
581 1178 612 1238 in
639 1197 788 1258 magnam
808 1179 931 1260 copiam
958 1197 1104 1242 excreve-

170 1276 256 1334 runt.

215 1364 318 1439 Quoad
323 1365 479 1428 decisiones
493 1386 585 1429 sucre
595 1368 682 1428 note
701 1367 850 1445 Romanae,
865 1371 979 1448 praeter
994 1366 1103 1430 oollee

171 1459 291 1521 tionem
311 1457 506 1521 decisionum
522 1478 591 1539 quae
605 1461 686 1521 fiunt
699 1461 894 1540 prosinguiis
909 1461 1103 1522 auditoribus

171 1569 280 1613 coram
290 1551 404 1632 quibus
414 1551 587 1614 decisiones
599 1553 670 1614 latae
683 1556 765 1630 sunt,
782 1553 934 1613 hebemus
944 1553 1103 1631 ingentem
1137 1611 1139 1614 .

168 1644 399 1706 collectionem.
423 1647 554 1724 Insuper
571 1645 723 1706 habemus
738 1645 952 1706 collectionem
971 1643 1103 1705 decisio-

169 1755 246 1797 num
275 1755 346 1816 quae
378 1737 524 1799 dicuntur
549 1739 730 1799 recentiores.
761 1737 920 1798 Habemus
954 1740 986 1798 et
1008 1736 1103 1800 aliam

169 1829 366 1900 decisionum
390 1849 459 1909 quae
475 1831 622 1892 dicuntur
639 1830 833 1910 nuperrime·
855 1830 982 1891 demum
1005 1829 1103 1890 habe-

166 1940 238 1982 mus
253 1923 415 2002 ingentem
425 1923 548 2001 copiam
561 1923 754 1984 decisionum
766 1941 835 2002 quae
847 1923 993 1984 dicuntur
1005 1923 1102 1984 colan-

169 2023 222 2090 tes,
240 2033 311 2095 quae
324 2034 437 2094 nempe
455 2015 486 2074 in
506 2016 659 2095 separatis
675 2017 756 2078 foliis
770 2017 951 2092 consistunt,
969 2034 1102 2096 quaeque

168 2108 306 2172 eduntur
331 2127 387 2186 pro
412 2108 541 2188 singulis
564 2109 675 2170 diebus
699 2109 730 2168 in
754 2109 866 2188 quibus
892 2109 1029 2170 tribunal
1048 2127 1101 2169 eas

49 2203 53 2212 ⁴
86 2194 88 2197 ’
168 2200 362 2281 pronuntiat.

208 2296 259 2356 Vl.
284 2294 394 2366 Quoad
422 2294 595 2356 decisiones
622 2292 915 2373 Congregcard„
947 2295 1099 2355 habemus

167 2386 469 2449 abundantissimam
482 2387 697 2447 collectionem
715 2386 909 2447 decisionum
926 2405 1098 2466 congrege-

166 2478 261 2541 tionis
293 2479 436 2556 Consilii,
467 2480 525 2540 sub
553 2478 679 2539 nomine
713 2478 854 2540 leesourz'
875 2479 1096 2555 resolutionem,

167 2571 352 2633 auctoritate
365 2571 462 2650 ipsius
478 2591 626 2651 congreg.
644 2574 737 2634 Gono.
751 2573 924 2651 vulgatum.
941 2573 1099 2632 Praeterea

168 2667 200 2724 et
218 2663 295 2723 alias
314 2664 512 2724 collectiones
526 2663 754 2727 resolutiouum
767 2663 910 2744 ejusdem
925 2680 1098 2742 congrega-

167 2756 260 2817 tionis
276 2774 345 2836 quae
358 2757 480 2835 privato
494 2756 597 2817 studio
614 2758 763 2819 confectae
779 2761 860 2818 sunt.

208 2849 259 2910 Sic
282 2852 313 2910 et
334 2868 392 2930 pro
418 2849 537 2910 caeteris
566 2850 862 2929 congregationibus
886 2850 1044 2911 habentur
1066 2854 1097 2912 et

167 2943 294 3003 decreta
316 2945 346 3004 et
369 2941 567 3002 collectiones
590 2942 790 3004 decretorum
814 2943 882 3004 :ite
898 2941 1096 3004 Gardellinus

167 3025 293 3114 collegit
313 3035 441 3095 decreta
460 3053 540 3094 saer.
564 3033 682 3095 rituum
697 3037 866 3114 congreg„
885 3039 915 3096 et
930 3034 1012 3094 hanc
1032 3033 1096 3094 col-

166 3127 332 3188 lectionem
347 3127 446 3188 edidit
460 3127 518 3187 sub
532 3127 622 3188 titulo
640 3147 645 3188 :
662 3126 853 3188 Decrctorcm
865 3124 1096 3186 authenticorum

166 3219 397 3303 congregationis
418 3238 566 3280 sacrorum
587 3219 709 3281 rituum.
734 3220 793 3280 Alii
813 3220 845 3280 in
863 3218 931 3280 aliis
948 3219 1094 3298 colligen-

167 3312 214 3381 die¹
228 3313 448 3374 incubuerunt.

206 3407 271 3468 VII.
295 3405 352 3466 Hic
372 3409 418 3468 est
432 3405 586 3485 generalis
603 3408 773 3484 apparatus
792 3404 929 3468 historiae
954 3405 1094 3468 omnium

167 3497 385 3564 collectionum
407 3515 477 3580 quac
496 3517 552 3579 per
566 3498 648 3564 hanc
667 3499 810 3564 ultimum
824 3498 989 3580 periodum
1001 3498 1092 3562 fectae
