2546 4016
173 260 233 324 ltu
378 267 887 320 rusuruuonnsrnrrsosuomo1.

173 417 235 481 alio
257 431 332 479 voro
346 417 437 498 parto
455 427 528 478 omn
540 414 676 490 soiomus
693 415 898 496 imperatores
913 413 1111 480 christianos

172 511 330 574 multoties
337 510 462 572 hortatu
471 512 502 572 et
510 509 656 572 suasione
665 507 1103 589 episeoporumdegeseondi·

173 605 266 680 disse,
283 604 375 666 faoile
399 603 583 666 eanonicam
592 603 872 684 jurisprudentiom
886 601 999 666 imitati
1010 604 1098 666 sunt.

172 697 262 762 Unde
278 689 341 760 non
356 696 511 759 dubitavit
524 697 639 759 Luoius
652 698 693 758 Ill
709 697 794 778 (cap.
811 700 839 775 l,
849 695 894 758 De
906 696 975 759 novi
985 695 1104 758 oreae

172 790 363 870 monetat),
371 790 425 852 ubi
433 808 496 851 non
504 793 571 852 erat
580 789 688 871 injure
699 790 849 852 canoniea
862 789 980 871 aliquid
989 788 1101 851 defini·

171 887 250 961 tum,
267 883 426 946 remittere
451 882 554 963 adjus
567 901 733 944 romanum
748 884 780 945 et
789 883 871 944 hane
885 882 1100 962 percelebrem

172 978 283 1038 efferre
301 976 487 1039 sententiam
510 997 517 1038 :
543 975 633 1038 siouti
656 975 802 1038 humane
825 976 911 1055 legas
931 992 994 1037 nou
1009 974 1100 1036 dedi-

169 1072 308 1150 gnantur
316 1087 422 1133 saeros
432 1087 567 1132 oenones
579 1068 704 1147 imitari,
715 1069 759 1130 sio
772 1073 804 1131 et
812 1086 969 1132 oanouum
980 1070 1099 1132 statuta

170 1163 347 1243 principum
357 1163 628 1225 constitutionibus
638 1162 836 1242 adjuvantur.

212 1257 330 1320 Verum
344 1255 461 1336 noejus
469 1253 724 1332 eeclesiastioum,
741 1255 855 1338 noejus
864 1254 954 1317 oivile
968 1257 1098 1335 prestat

172 1367 264 1412 usum
288 1348 565 1412 indeterminatum
597 1347 629 1410 in
661 1349 813 1412 eanonioa
836 1347 1093 1430 jurisprudentia.

172 1444 342 1522 Propterea
367 1441 524 1502 nonnulla
538 1441 711 1504 statuenda
725 1445 799 1506 suot
818 1442 935 1522 regulae
954 1445 1021 1503 tum
1037 1457 1097 1520 pro

171 1553 230 1598 usu
248 1535 329 1616 juris
347 1534 457 1612 civilis,
473 1538 542 1596 tum
556 1551 613 1613 pro
629 1553 687 1596 usu
697 1535 778 1616 juris
793 1534 1005 1612 eeclesiastioi,
1017 1551 1097 1616 ques

172 1628 324 1693 distinctis
338 1628 476 1692 numeris
492 1645 713 1708 proponemus.

240 1788 257 1827 1.
266 1789 296 1828 110
302 1787 408 1837 masuris
417 1786 558 1828 auriculariter
570 1788 594 1829 la
603 1796 717 1829 raetorum
727 1797 834 1830 cononum
843 1788 1032 1838 samaritarum.

212 1910 291 1971 Vlll.
315 1911 390 1970 Tres
415 1909 548 1988 proponi
573 1914 705 1989 possunt
719 1912 843 1991 ‘regulae
871 1912 910 1974 de
939 1927 998 1974 usu
1017 1910 1098 1993 juris

173 2000 373 2062 ecelesiastioi
385 2002 417 2061 in
430 2002 580 2064 canoniea
589 2002 848 2085 jurisprudentia,
861 2023 973 2085 nempe
988 2023 995 2067 ε
1099 2019 1103 2024 ’

212 2096 240 2154 l·
252 2092 327 2174 Ilep.
343 2096 485 2156 canones
501 2095 657 2176 eligantur
671 2097 724 2178 qui
743 2098 806 2160 siut
821 2102 913 2160 oertae
928 2096 1098 2160 auotorita-

170 2187 221 2263 tis,
238 2190 395 2267 certaeque
418 2187 692 2268 interpretationis.
709 2193 866 2255 luoertum
879 2192 963 2255 enim
977 2193 1099 2254 eertum

171 2295 282 2359 parere
302 2280 419 2360 nequit.

210 2374 409 2453 Quapropter
428 2375 453 2435 si
470 2372 567 2437 dubia
581 2374 622 2439 sit
635 2377 855 2442 authentioitas
867 2380 917 2441 vel
932 2379 1096 2461 integritas

170 2465 302 2545 alicujus
316 2467 454 2546 oanonis,
470 2468 521 2530 vel
535 2471 669 2534 obseura
685 2471 767 2534 illius
784 2472 1009 2554 interpretatio,
1025 2477 1097 2537 tan-

170 2563 238 2622 tum
250 2560 339 2622 abest
352 2564 387 2622 ut
398 2562 464 2642 ipse
480 2563 584 2626 valeat
601 2565 690 2626 alteri
714 2566 817 2628 luoem
837 2571 998 2648 praetore,
1011 2567 1097 2650 quod

170 2653 236 2733 ipse
249 2654 389 2735 indigeat
403 2673 459 2735 pro
473 2675 516 2719 se.

209 2751 239 2806 2¹
259 2746 335 2826 Rep.
358 2741 428 2810 Sint
450 2767 601 2828 canonae,
629 2753 740 2816 saltem
772 2754 922 2818 ordinarie
943 2756 1094 2840 loquendo,

169 2839 341 2901 anteriores
355 2844 507 2920 tempore,
524 2863 636 2924 nempe
649 2848 727 2909 tales
740 2849 793 2928 qui
806 2850 924 2912 versari
938 2851 1097 2934 potuerint

168 2935 371 3013 permentem
381 2933 567 3014 legislatoris
579 2937 722 3020 illiusque
740 2942 875 3022 dirigere
888 2945 1093 3022 voluntatem,

169 3026 294 3108 quando
307 3027 360 3109 jus
371 3028 527 3092 oondebat
539 3031 588 3112 (ne
599 3032 744 3096 videlieet
755 3054 812 3116 per
820 3036 1100 3104 anachronismum

169 3137 383 3199 supponamus
412 3120 455 3182 illi
476 3127 565 3186 uotae
589 3125 683 3189 fuisse
700 3128 785 3208 leges
809 3148 879 3211 qua
896 3135 967 3212 post
991 3131 1095 3213 ipsum

168 3213 364 3293 prodierunt,
389 3215 520 3297 illasque
539 3217 712 3283 habeamus
726 3225 876 3306 tanquam
896 3243 1006 3288 oausas
1024 3245 1097 3310 qum

169 3303 273 3384 potius
287 3325 350 3370 non
364 3309 491 3373 fuerunt
510 3310 569 3374 nisi
585 3314 736 3394 effeetus).

209 3397 272 3460 Sed
284 3399 346 3461 dixi
358 3402 507 3464 ordinarie
515 3404 665 3487 loqueum,
678 3407 790 3488 quiaet
799 3405 989 3475 reoontioros
1002 3429 1097 3478 aano-
1201 3484 1208 3493 ,

170 3492 452 3558 numentanorum
470 3513 598 3562 sensum
613 3500 718 3565 valent
733 3502 900 3585 aliqnando
919 3505 1052 3587 aporire,
1069 3507 1097 3572 si
