2514 4014
185 245 224 308 56
395 261 622 308 rnsrrrunonus
642 260 724 308 rums
747 261 900 310 aaronica

182 404 241 468 bus
263 403 364 466 causis
386 404 435 465 vel
457 405 674 467 controversiis
700 406 770 466 latae
795 405 926 483 fuerint,
950 407 1005 466 sed
1031 407 1113 469 adeo

182 499 244 558 sint
254 497 336 558 inter
350 517 382 558 se
396 498 587 575 conformes,
607 502 642 560 ut
652 499 704 579 jus
717 499 748 558 in
768 499 921 577 supremis
935 499 995 560 illis
1013 497 1120 562 tribu-¹

182 591 304 654 natibus
314 611 372 652 usu
386 595 547 670 receptum
562 594 785 653 demonstrent.

221 687 298 747 Cum
311 687 416 746 autem
426 685 574 746 inferiora
586 685 755 768 tribunalia
767 703 830 746 non
841 686 977 747 debeant
987 704 1007 746 a
1019 704 1111 765 supe·
1141 765 1143 769 Ι

181 779 299 839 riorum
320 779 473 839 sententia
494 779 652 856 recedere,
678 797 719 838 ne
739 778 884 839 videlicet
904 779 1066 841 sententiae
1091 799 1112 841 a

181 871 387 932 tribunalibus
411 871 609 932 inferioribus
640 872 710 932 latae
736 890 755 930 a
779 871 990 950 superioribus
1018 892 1109 934 revo-

180 969 299 1041 centur,
317 964 389 1024 inde
405 964 550 1025 dicuntur
564 964 743 1045 hujusmodi
760 965 932 1025 decisiones
950 984 1006 1025 seu
1020 985 1109 1026 reso-

177 1058 310 1119 lutiones
322 1057 374 1137 jus
384 1057 693 1118 consuetudinarium
703 1057 816 1135 facere,
832 1058 917 1139 quod
930 1077 949 1118 a
961 1077 1107 1138 pragma-

177 1151 246 1213 ticis
257 1151 350 1234 stylus
359 1151 594 1212 crrrioeromanae
605 1149 654 1212 vel
662 1151 767 1231 prucis
776 1151 840 1232 sori
851 1151 929 1213 solet
940 1151 1102 1231 appellari.

499 1302 509 1355 s
520 1305 557 1344 tlt.
568 1312 599 1344 us
611 1312 780 1345 oonconmrrs.

214 1429 237 1487 Ι.
256 1425 527 1498 Quemadmodum
548 1426 708 1505 rescripta,
738 1445 808 1506 quae
835 1427 874 1487 de
896 1445 929 1486 se
948 1445 1010 1488 non
1030 1431 1104 1489 sunt

173 1520 258 1582 aliud
275 1519 334 1580 nisi
350 1537 509 1597 responsa,
524 1520 575 1580 vel
590 1520 762 1581 decisiones
776 1520 979 1582 tribunalium
993 1539 1104 1599 supre-

173 1633 297 1675 morum
314 1613 607 1690 ecclesiasticorum,
631 1632 701 1694 quae
726 1614 764 1674 de
784 1632 816 1674 se
840 1632 903 1674 non
925 1613 1010 1674 aliud
1028 1617 1102 1675 sunt

173 1707 231 1768 nisi
242 1707 394 1787 judicata,
412 1707 476 1768 vim
497 1709 603 1768 tamen
619 1707 697 1786 legis
713 1710 842 1786 possunt
862 1707 1035 1787 acquirere,
1057 1706 1102 1767 ita

172 1805 203 1862 et
217 1799 417 1874 concordata,
436 1817 505 1878 quae
528 1800 567 1860 de
582 1819 615 1860 se
630 1800 707 1860 nihil
723 1800 808 1861 aliud
827 1803 900 1860 sunt
918 1798 977 1859 nisi
993 1802 1097 1877 pacta,

168 1895 273 1972 legum
286 1895 391 1952 tamen
412 1893 552 1953 obtinent
566 1892 757 1954 firmitatem.
780 1895 862 1971 Ergo
876 1895 1042 1974 postquam
1058 1892 1097 1951 de

167 1983 324 2064 rescriptis
337 1988 368 2046 et
382 1985 592 2046 decisionibus
604 1985 821 2062 tractapimuS,
832 1987 956 2064 oporiet
968 1987 1043 2046 utet
1055 1985 1095 2045 de

150 2125 152 2129 -
169 2077 364 2140 concordatis
379 2097 555 2139 sermonem
569 2079 730 2140 faciamus.

207 2171 334 2232 Duobus
343 2171 548 2251 paragraphis
556 2172 773 2233 tractationem
782 2172 873 2232 istam
885 2171 1093 2246 absolvemus

167 2265 346 2344 inquorum
365 2265 465 2343 primo
487 2265 616 2327 brevem
635 2267 674 2326 de
697 2265 894 2326 concordatis
913 2263 1096 2325 historicam

166 2357 308 2419 notitiam
322 2361 477 2432 texemus3
494 2357 526 2417 in
542 2359 679 2420 secundo
690 2361 796 2418 autem
811 2361 957 2420 naturam
969 2376 1024 2417 seu
1038 2363 1093 2418 va-

163 2451 262 2512 lorem
275 2452 457 2512 eorumdem
470 2452 711 2531 perpendemus.

410 2607 425 2644 1.
440 2605 529 2647 Notttta
539 2605 647 2646 historica
660 2607 848 2646 concordatorum.

203 2729 239 2788 ll.
253 2730 313 2788 Pro
323 2728 453 2790 diversis
465 2730 669 2791 relationibus
680 2748 749 2808 quae
761 2730 799 2790 de
812 2728 894 2790 facto
905 2727 1089 2788 intercesse-

162 2823 235 2881 runt
266 2820 348 2882 inter
375 2822 617 2884 ecclesiasticam
642 2827 673 2884 et
705 2823 828 2884 civilem
856 2820 1084 2894 auctoritatem,

161 2913 242 2974 inter
265 2913 458 2992 spiritualem
479 2935 591 2995 nempe
614 2920 644 2978 et
664 2915 869 2994 temporalem
892 2913 1084 2986 societatem,

160 3010 223 3067 tres
237 3011 368 3086 possunt
380 3007 528 3087 distingui
543 3010 705 3088 generales
720 3008 857 3070 historia
868 3003 1085 3067 ecclesiasticae

159 3100 290 3177 periodi.
305 3103 424 3160 Harum
438 3101 550 3179 prima,
569 3120 638 3181 quar
651 3102 690 3162 ab
704 3101 844 3162 Ecclesia
858 3099 984 3162 condita
994 3114 1085 3158 exor-

160 3192 243 3252 ditur
266 3196 297 3254 et
322 3213 421 3274 usque
449 3195 490 3254 ad
518 3195 755 3257 Constantinum
781 3197 941 3274 Magnum,
972 3192 1083 3273 quarto

158 3303 271 3363 nempe
289 3288 415 3364 saeculo,
439 3288 648 3368 prosequitur,
674 3289 764 3350 nobis
786 3287 911 3349 exhibet
930 3284 1082 3364 epocham

158 3377 392 3440 inimicitiarum
412 3381 494 3442 inter
514 3381 685 3442 Ecclesiam
709 3385 740 3442 et
761 3381 942 3443 societatem
960 3377 1082 3438 civilem

158 3489 227 3554 quae
242 3472 326 3534 nullo
340 3476 431 3555 pacto
447 3474 591 3556 componi
606 3479 759 3560 poterant.
