2484 4016
181 303 241 364 3¹0
391 316 624 366 rnsrrrorrouns
644 315 728 364 sarrs
751 317 906 366 enuonrer.

182 461 346 535 standum3
359 460 529 543 aliquando
537 463 578 524 ad
588 461 732 524 habitum
741 461 975 542 suscipiendum
985 462 1034 526 his
1043 482 1120 526 con-

182 555 258 616 siliis
269 573 461 630 consonum;
478 555 533 618 sed
545 555 714 636 aliqnando
730 555 961 616 habitualitera
973 559 1038 617 Deo
1054 557 1121 618 dis-

181 647 308 727 ponitur
321 647 362 708 ad
375 667 474 710 unum
487 648 697 729 potiusquam
711 649 752 709 ad
762 649 895 709 alterum
906 649 1116 728 sequendum,

182 741 351 820 aliquando
366 742 408 802 ad
420 760 530 803 omnes
542 763 548 803 :
562 742 635 804 inde
645 742 750 804 varios
759 742 877 821 gradus
891 741 985 822 hujus
998 744 1120 822 perfac-

181 833 274 896 tionis
284 835 472 913 appetimus,
489 835 615 907 Quodsi
629 836 700 896 talis
713 853 825 897 norma
838 835 965 896 vivendi
978 837 1120 899 conditio

181 926 276 987 situi
300 927 348 988 his
369 927 468 989 tribus
488 928 624 989 consiliis
649 928 852 990 habitualitar
875 929 1044 1008 sequendis
1070 930 1121 991 in-

182 1021 382 1097 cumbamus,
397 1021 536 1099 profecto
560 1021 611 1082 hic
632 1021 693 1084 erit
704 1029 798 1082 status
816 1022 988 1101 ecacqelicoe
995 1023 1119 1104 perfee-

181 1114 278 1174 tionis.
304 1116 406 1186 Quare
431 1115 661 1192 discussurus,
688 1114 865 1194 dogmatice
882 1115 1052 1194 inspectus,
1070 1121 1120 1178 est

180 1224 366 1284 permanens
381 1205 507 1269 vivendi
523 1208 660 1269 conditio
675 1201 739 1288 que
751 1208 845 1269 homo
860 1209 962 1288 gratia
978 1208 1034 1269 Dei
1045 1229 1118 1288 pre-

179 1302 303 1376 ventus,
316 1299 417 1362 trihus
430 1301 566 1362 consiliis
576 1301 743 1363 voluntarii
753 1301 911 1379 coelibatus,
928 1303 1118 1365 voluntariae

177 1393 383 1474 paupertatis,
410 1393 594 1456 voluntaria
618 1393 808 1472 obedientiae,
838 1393 1040 1456 habitualiter
1070 1395 1120 1456 di·

179 1489 279 1548 catur.

567 1603 672 1658 CAPUT
687 1604 722 1660 ll.

211 1739 246 1786 nt
263 1745 349 1786 saluo
372 1742 549 1786 monumen
568 1743 765 1786 annunciantis
781 1744 874 1792 Quoto
892 1746 1081 1788 maniatium.

118 1917 119 1920 ,
220 1865 244 1926 1.
269 1865 375 1926 Gratia
397 1864 588 1946 evangelica
607 1863 807 1943 perfectionis
830 1865 997 1944 dupliciter
1010 1867 1118 1930 consi·

181 1956 285 2018 derari
299 1961 402 2036 potest
419 1977 425 2019 :
440 1958 490 2019 val
501 1958 630 2038 alligata
644 1956 770 2020 cuidam
782 1958 899 2037 regulae
912 1977 968 2020 seu
985 1959 1115 2023 vivendi
1226 2009 1227 2046 3

179 2048 320 2112 instituto
335 2051 483 2130 speciali,
500 2051 550 2112 vel
564 2050 665 2112 libera
679 2050 828 2129 omuino,
845 2051 973 2130 proprio
988 2052 1114 2131 spiritui
1226 2055 1227 2084 ³

179 2143 357 2222 indulgens,
364 2162 422 2206 nec
433 2143 571 2223 aliquem
581 2143 702 2205 habens
713 2145 917 2224 prototypum
927 2145 979 2204 cui
990 2145 1114 2208 confer,-

178 2239 296 2312 matur‚
314 2253 372 2298 nec
387 2237 547 2316 exemplar
566 2237 779 2316 dogmaticum
801 2236 979 2300 christianae
991 2238 1113 2317 perfec-

178 2327 271 2392 tionis
287 2329 372 2408 quod
386 2329 504 2391 referre
517 2329 640 2392 debeat.
655 2329 727 2392 Vita
741 2330 909 2409 perfectior
922 2349 993 2412 quae
1010 2332 1113 2396 deter-

178 2422 349 2484 minatione
357 2425 462 2500 vacat,
471 2421 560 2483 audit
570 2421 822 2500 simplicitercita
831 2421 944 2500 devoto,
952 2441 1035 2502 qua,
1043 2425 1116 2488 licet

178 2533 340 2596 nunquam
361 2515 496 2577 defuerit
516 2515 602 2593 apud
630 2513 836 2591 christianos,
866 2519 971 2578 tamen
998 2521 1112 2580 nostrae

177 2608 371 2672 tractationis
391 2607 550 2689 objectum
571 2626 638 2668 esse
658 2625 721 2668 non
734 2608 828 2669 valet.
850 2610 929 2670 Gum
949 2609 1034 2671 euim
1049 2611 1113 2691 spi-

176 2702 255 2764 ritns
269 2702 323 2764 ubi
336 2703 404 2764 vult
417 2701 524 2780 spiret,
541 2705 573 2762 et
586 2701 716 2761 infinata
730 2704 761 2761 et
772 2700 861 2762 varia
872 2701 934 2763 sint
946 2703 1030 2764 dona
1040 2723 1111 2784 gra·

177 2793 228 2856 tiae
252 2796 324 2872 Dei,
351 2814 414 2857 non
441 2797 544 2873 potest
569 2793 630 2855 hoo
651 2793 827 2873 spiritualis
854 2795 927 2856 vitae
951 2814 1052 2875 genua
1071 2798 1113 2878 ad¹

177 2890 295 2949 certam
309 2887 472 2967 regulam,
490 2886 531 2947 ad
547 2889 730 2966 certumque
741 2885 794 2966 jus
808 2887 927 2948 reduci.

217 2983 319 3054 Quare
328 2985 395 3042 tota
405 2979 549 3042 tractatio
563 2979 602 3038 de
616 2977 780 3057 disciplina
791 2979 986 3058 perfectioris
995 2983 1068 3045 vitae
1078 2983 1110 3044 in

176 3073 316 3136 Ecclesia
338 3073 499 3135 reducitur
513 3072 555 3133 ad
575 3071 672 3132 vitam
693 3071 778 3131 illam
800 3073 1020 3150 perfectiorem
1040 3094 1108 3156 quae

177 3167 269 3228 alicui
283 3167 497 3229 determinata
507 3164 625 3245 regula
637 3168 668 3226 et
677 3164 802 3225 vivendi
814 3164 957 3228 instituto
968 3167 1105 3248 alligata,

176 3260 265 3322 audit
277 3262 343 3322 vita
356 3260 493 3340 reliqiosa
507 3257 702 3338 etreqctats.
718 3259 796 3320 Cum
806 3262 912 3319 antem
927 3258 987 3321 hoo
997 3280 1108 3323 secun-

176 3353 252 3414 dum
271 3354 343 3415 vitae
367 3352 537 3434 spiritualis
551 3369 651 3431 genua
666 3349 782 3412 habeat
796 3352 966 3430 quamdam
988 3353 1074 3416 instit
1095 3387 1107 3398 ·

174 3445 293 3506 tionem
313 3446 353 3506 ab
368 3443 508 3506 Ecclesia
521 3447 682 3522 receptam
696 3450 728 3504 et
737 3445 903 3522 probatam
918 3445 968 3507 cui
983 3447 1107 3512 eonfor-

174 3539 288 3615 mctur,
304 3540 489 3617 potestesse
506 3536 664 3620 objectum
675 3535 756 3620 juris
770 3537 923 3606 canonici.
