2514 4014
168 278 208 339 80
380 289 608 336 uisururroras
628 290 710 336 runis
733 289 886 334 circulor.

170 433 276 496 statim
303 432 460 508 deveniat,
484 453 514 494 v.
531 452 577 512 g.,
601 433 655 493 ubi
685 431 859 510 periculum
877 431 917 492 sit
936 431 968 490 in
992 449 1102 508 mora,

170 544 226 586 seu
239 525 364 604 publica
378 524 518 586 fidelium
533 525 617 585 salus
631 523 811 586 ulteriorem
832 524 965 601 amplius
978 542 1103 585 moram

171 636 234 679 non
246 617 393 696 patiatur,
406 618 455 678 vel
469 618 522 678 uhi
536 617 637 696 poenis
658 615 847 694 exasperatis
864 616 983 694 sperari
1000 619 1105 694 potest

172 709 257 789 quod
269 709 380 770 melius
393 709 576 788 delinquens
598 712 790 784 coerceatur,
806 708 856 768 vel
876 707 928 768 ubi
949 708 1001 787 qui
1025 709 1104 768 deli-

172 804 307 880 querunt
334 805 453 862 terrore
478 803 583 880 gravis
609 819 711 880 poenae
739 800 890 879 perculsi,
916 799 1037 860 facilius
1061 801 1103 860 ad

172 911 227 956 cor
244 893 383 957 redeant.

518 1101 676 1173 SECTIO
706 1103 751 1171 ΙΙ.

173 1306 221 1380 DE
244 1327 395 1380 LEGIBUS
419 1329 530 1380 SENSU
554 1328 747 1379 IMPROPRIO
771 1327 957 1395 AccEPTIS,
983 1328 1103 1378 NEMPE

218 1431 266 1481 DE
303 1428 489 1482 CODIGIBUS
527 1430 594 1481 SEU
640 1429 940 1482 COLLECTIONIBUS
983 1430 1104 1481 LEGUM

220 1530 582 1588 EQOLESIASTIOARUM.

216 1727 300 1789 Juris
329 1724 527 1786 ecclesiastici
561 1723 749 1803 perscrutari
779 1723 930 1802 origines,
958 1723 1104 1784 evolvere

177 1816 357 1893 historiam,
387 1816 578 1895 distinguere
612 1815 746 1894 species,
779 1816 935 1877 aestimare
967 1816 1104 1877 auctori-

177 1913 285 1986 tatem,
302 1909 479 1987 catalogum
500 1912 617 1984 texere,
632 1927 682 1968 res
709 1911 790 1969 essct
812 1908 986 1984 utilissima,
1003 1911 1038 1969 ut
1056 1909 1104 1968 in-

177 2002 264 2077 tima,
271 2017 328 2079 pro
337 1999 374 2060 iis
383 2000 435 2078 qui
444 2019 541 2061 sacrae
549 2001 733 2062 eruditionis
741 1999 851 2061 studiis
860 2005 982 2077 vacant,
991 2001 1103 2061 horum

178 2093 271 2154 detur
302 2091 458 2170 cognitio,
494 2111 563 2172 quae
591 2097 697 2154 tamen
723 2112 780 2153 nos
810 2093 850 2153 ab
875 2093 1104 2154 institutionum

177 2187 356 2248 nostrarum
386 2202 481 2263 scopo
508 2189 694 2246 averterent.
722 2185 850 2246 Limites
878 2186 963 2246 enim
992 2185 1104 2265 quibus

178 2279 377 2339 coarctantur
402 2277 487 2337 haud
513 2277 618 2338 sinunt
632 2295 688 2337 nos
715 2296 772 2355 per
792 2277 971 2357 hujusmodi
997 2278 1104 2338 indefi-

176 2369 278 2431 nitum
304 2369 486 2431 eruditionis
512 2369 729 2431 ecclesiasticae
753 2388 899 2448 campum
925 2371 1101 2449 pervagari.

177 2461 299 2524 Sufficit
312 2462 484 2523 utiliorum
499 2464 622 2524 tantum
643 2461 786 2523 notitiam
810 2460 1017 2540 praebeamus,
1035 2480 1104 2542 quae

176 2555 323 2634 ignorare
350 2555 438 2616 nefas
467 2557 549 2616 esset
573 2553 611 2614 iis
625 2555 677 2633 qui
699 2554 749 2614 vel
772 2573 792 2614 a
818 2554 924 2616 limine
943 2555 1105 2616 scientiam

177 2647 264 2708 illam
279 2647 414 2708 salutare
436 2647 493 2707 sibi
508 2649 698 2724 proponunt,
724 2647 764 2708 ad
788 2647 848 2707 hoc
863 2647 981 2709 scilicet
995 2651 1029 2708 ut
1056 2665 1105 2708 co·

177 2756 329 2818 gnoscere
344 2739 463 2817 possint
476 2739 546 2800 loca
556 2739 608 2800 ubi
623 2739 709 2818 leges
722 2739 835 2817 quihus
850 2739 967 2800 utimur
980 2740 1020 2800 ab
1031 2738 1105 2818 ipsis

177 2830 385 2892 invenientur.
683 2887 688 2896 .

217 2922 448 2984 Tractationem
461 2941 536 3001 ergo
547 2925 687 2984 nostram
699 2924 738 2986 dc
752 2924 911 2986 codicibus
926 2926 976 2986 vel
994 2925 1106 2986 collec-

178 3015 315 3079 tionibus
326 3015 406 3094 juris
424 3009 626 3076 ecclesiastici
642 3033 822 3078 coercemus
842 3017 882 3078 ad
900 3018 969 3079 illas
984 3022 1106 3080 tantum

180 3126 249 3187 quse
272 3107 425 3188 majorem
440 3107 653 3168 celebritatem
668 3113 767 3170 nactae
782 3113 864 3186 sunt,
880 3128 1012 3190 quaeque
1027 3110 1105 3172 scitu

178 3200 279 3277 magis
293 3199 475 3262 necessariae
490 3203 563 3260 sunt
573 3202 607 3261 ut
614 3199 694 3279 juris
710 3219 770 3279 quo
790 3201 909 3262 utimur
920 3203 1025 3279 hodie,
1044 3203 1105 3263 suf-

177 3291 285 3351 ficiens
305 3290 460 3354 habeatur
473 3292 592 3354 notitia.
620 3294 686 3353 Hoc
703 3295 921 3372 praestabimus
945 3296 1104 3376 sequendo

177 3383 320 3444 ordinem
349 3385 598 3462 vulgatissimum
624 3383 705 3446 inter
728 3390 887 3464 auctores,
903 3407 964 3467 quo
989 3387 1106 3449 scilicet

176 3475 358 3538 dividuntur
373 3474 422 3537 hae
444 3477 643 3536 collectiones
661 3476 694 3535 in
708 3481 771 3538 tres
795 3479 909 3540 classes
932 3479 1104 3540 secundum
