2512 4012
148 261 208 326 Ὧι
356 273 586 322 rnsrrrurronas
606 276 689 323 runis
711 274 866 322 cruorum.

151 421 314 502 principio,
333 419 482 480 differunt
495 423 598 482 tamen
612 419 815 480 ecclesiarum
827 437 930 479 mores
942 418 974 478 in
987 416 1091 498 hujus

150 512 293 594 principii
309 512 528 590 applicatione.
627 519 629 522 ’

190 609 269 668 Nam
289 623 386 686 quum
405 623 468 664 non
482 605 576 666 fuerit
595 623 614 664 a
631 604 702 684 jure
727 604 889 666 definitum
905 608 980 683 quot
999 603 1091 681 epis-

151 719 248 778 copus
263 699 380 758 habere
395 699 492 777 possit
506 698 555 760 vel
571 697 685 758 debeat
697 697 830 758 vicarios
840 697 1011 776 generales
1025 697 1090 758 sed

150 793 182 853 id
198 811 217 852 a
236 791 367 852 concilio
388 793 596 852 Lateranense
612 790 776 850 remissum
790 789 884 850 luerit
901 788 1028 850 arbitrio
1043 808 1090 850 ae

151 884 327 966 prudentie
354 883 592 962 episcoporum,
620 883 673 963 qui
694 886 740 945 tot
760 883 880 961 possint
901 882 1089 962 hujusmodi

150 978 285 1039 vicarios
308 977 423 1055 eligere
445 980 521 1056 quot
536 976 741 1055 opportunius
763 995 830 1037 esse
847 975 1085 1056 judicaverint,

150 1072 268 1132 factum
290 1073 383 1131 estut
397 1069 554 1130 nonnullae
570 1069 709 1131 ecclesiae
730 1070 773 1149 (in
790 1069 880 1131 ltalia
894 1068 1086 1148 praesertim>

151 1181 248 1223 unum
259 1166 381 1224 tantum
396 1162 558 1240 haberent,
574 1163 642 1224 aliae
655 1175 730 1224 vero
742 1162 864 1242 plures;
880 1163 964 1242 quod
979 1161 1088 1240 dupli-

151 1255 228 1317 citer
241 1255 421 1334 contingere
436 1259 538 1335 potest
555 1277 561 1317 :

191 1347 295 1428 Aliqui
306 1348 388 1408 enim
400 1349 562 1427 potiuntur
572 1349 756 1412 auctoritate
764 1351 914 1428 tanquam
926 1349 1089 1426 comprin-

74 1505 79 1516 ,
152 1441 311 1520 cipaliter;
329 1441 425 1521 aliqui
434 1446 539 1502 autem
551 1442 725 1503 limitantur
735 1441 847 1518 officie,
863 1443 913 1502 vel
924 1440 956 1500 in
972 1441 1088 1501 ordine

152 1534 193 1596 ad
205 1534 414 1611 territorium,
431 1535 481 1595 vel
494 1535 525 1595 iu
546 1535 655 1594 ordine
670 1535 711 1594 ad
730 1534 935 1614 quantitatem
947 1534 1088 1594 auctori-

152 1628 226 1688 tatis
237 1628 297 1687 illis
313 1627 498 1704 commissae,
510 1627 560 1688 vel
572 1627 604 1686 in
616 1627 724 1688 ordine
738 1627 778 1688 ad
791 1626 941 1688 attributa
952 1626 1087 1706 hujusce

154 1719 356 1781 auctoritatis
375 1722 441 1792 Quo
456 1720 488 1779 in
501 1738 575 1780 casu
591 1719 679 1780 alteri
695 1738 733 1780 ex
747 1719 870 1780 vicariis
884 1719 1087 1798 generalibus

152 1813 319 1874 voluntaria
336 1812 485 1892 competit
500 1811 686 1892 jurisdictio,
699 1812 788 1874 alteri
808 1813 946 1892 litigioso.
959 1812 1087 1874 Primus

155 1905 269 1966 dicitur
283 1905 439 1983 praecipue
455 1905 581 1966 vicarias
594 1905 747 1984 pecoralis,
763 1906 841 1966 alter
854 1906 996 1984 officialis.

195 1998 304 2058 XXIX.
322 1998 394 2074 Sed,
412 2016 474 2058 non
491 1998 685 2060 obstantibus
709 1999 839 2059 diversis
852 1999 992 2059 moribus
1006 1998 1087 2059 diae-

157 2108 280 2166 ceseon,
293 2089 323 2150 iu
335 2088 542 2169 applicatione
556 2091 703 2151 tamenin
715 2109 812 2150 unum
825 2091 969 2152 convenit
985 2091 1087 2152 eccla-

156 2182 281 2244 siastica
291 2182 464 2261 disciplina,
474 2185 506 2243 ut
514 2201 626 2262 nempe
636 2182 774 2243 habeant
784 2183 920 2262 episcopi
932 2185 1086 2245 vicarium

157 2275 209 2355 qui
221 2275 409 2354 generaliter
421 2275 453 2334 in
468 2294 523 2338 suo
540 2275 641 2336 officio
656 2280 861 2354 representat
876 2278 1086 2356 episcopalem

151 2367 420 2449 jurisdictionem
437 2372 468 2429 et
490 2387 561 2429 cum
582 2368 632 2428 hic
655 2369 772 2447 gradus
792 2370 985 2432 auctoritatis
1009 2371 1087 2432 sita

152 2461 224 2542 jure
240 2461 482 2538 determinatuS,
506 2462 579 2522 inde
599 2480 764 2540 possumus
785 2463 929 2540 quaedam
949 2467 1087 2525 statuere

156 2552 310 2632 prinoipia
320 2554 361 2614 ad
375 2555 468 2633 hujus
478 2555 596 2634 gradus
604 2555 822 2616 auctoritatem
836 2556 1084 2634 exprimendam.

199 2648 228 2706 1⁰
249 2648 323 2706 Haec
334 2646 510 2727 jurisdictio
526 2647 672 2726 delegata
686 2651 742 2708 est.
765 2649 819 2709 list
833 2649 917 2708 enim
937 2649 989 2711 hic
1002 2651 1088 2711 vica-

157 2739 232 2814 rius,
253 2739 306 2816 qui
319 2743 485 2816 propterea
496 2739 746 2820 jurisdictionem
757 2759 852 2820 quam
869 2742 981 2820 habet,
999 2763 1087 2805 asuo

158 2831 327 2890 mandente
342 2832 461 2910 recipit,
479 2831 568 2911 cujus
581 2833 664 2893 vices
679 2834 770 2912 gerit.

196 2927 227 2984 2⁰
249 2925 323 2983 Haeo
337 2923 412 2984 item
427 2924 602 3004 jurisdictio
618 2929 664 2987 est
679 2926 847 2990 ordinaria.
871 2932 950 2989 Nam
964 2930 1089 3010 dejure

158 3017 307 3096 compet't
327 3017 439 3078 officio.
461 3018 540 3078 Huic
559 3023 664 3080 autem
684 3020 785 3080 officio
798 3026 981 3100 competunt
1002 3029 1090 3085 certa

159 3111 305 3188 quaedam
323 3109 397 3190 jura
417 3111 653 3190 facultatesque.
671 3114 715 3173 Eo
735 3113 803 3190 ipso
823 3115 907 3193 quod
923 3115 1089 3194 episcopus

159 3202 296 3281 aliquem
311 3203 508 3282 deputaverit
524 3205 564 3265 ad
577 3204 756 3285 hujusmodi
772 3207 925 3285 officium,
943 3213 1090 3270 censetur

158 3292 202 3352 illi
217 3296 383 3356 mandasse
392 3297 458 3358 sine
469 3297 611 3376 specialis
623 3297 778 3360 missionis
790 3300 974 3361 necessitate
982 3301 1089 3362 omnia

155 3387 229 3466 jura
244 3405 313 3467 quae
328 3389 410 3450 dicto
427 3391 528 3451 officio
543 3395 724 3469 competunt
747 3395 778 3454 et
793 3410 862 3472 quae
877 3393 920 3453 illi
937 3395 1087 3455 accedere

62 3517 64 3529 ,
157 3483 297 3556 possunt,
315 3479 372 3539 nisi
389 3481 450 3542 sint
462 3501 606 3561 expresse
619 3489 788 3547 reservata.
