2514 4014
358 289 467 338 nomeu
488 293 640 340 sracrarrs
660 295 743 342 ruere
764 295 918 344 aaronica
1068 287 1107 346 79

208 437 368 499 Dicuntur
397 440 503 498 autern
541 457 560 498 a
584 439 676 518 jure,
701 440 757 501 sed
778 440 910 520 ferendo
937 445 1101 523 centauria,

164 531 298 612 quaudo
310 530 365 610 jus
377 548 504 609 poenam
520 531 647 611 quidem
658 532 856 610 determinat,
869 535 924 595 sed
939 554 1001 598 non
1016 537 1055 599 de
1069 557 1103 600 se

163 623 299 703 infligit;
322 624 392 684 vult
424 624 507 684 enim
536 627 572 685 ut
597 625 769 686 ministerio
794 626 908 706 judicis
931 628 1099 709 infligatur.

164 719 343 796 Propterea
352 716 403 776 lex
415 717 518 795 potius
533 717 657 779 videtur
663 717 803 797 judicem
814 719 952 798 obligare
966 725 1002 782 ut
1023 723 1104 786 ferat

165 809 370 885 sententium,
379 828 474 888 quem
485 829 574 870 reum
584 813 619 870 ut
633 828 735 888 poenae
750 811 921 892 subjaceat.
930 815 1103 892 Benedicat

167 902 307 963 admisso
320 902 460 978 crimine,
474 907 635 964 remaneat
649 921 751 981 poenae
771 905 923 966 obnoxius
939 926 1101 989 quousque

166 999 274 1056 temen
281 995 381 1075 judex
396 1014 468 1055 eum
483 1013 578 1074 poena
587 994 728 1072 mulctet,
741 1015 837 1075 poena
847 1015 909 1058 non
923 1003 1057 1063 tenetur.

317 1145 378 1198 siv.
395 1156 426 1186 un
443 1155 572 1188 rosnarum
591 1155 822 1188 scommaticum
838 1157 961 1192 auorum.

207 1272 260 1330 XI.
285 1271 365 1330 Cum
392 1273 531 1346 systema
555 1288 722 1347 poenarum
748 1270 1045 1350 ecclesiasticarum,
1066 1279 1101 1336 ut

167 1362 416 1442 praemonuimus
439 1363 479 1422 ab
503 1363 607 1440 initio,
626 1381 689 1424 non
712 1367 834 1424 tantum
863 1364 1016 1426 directum
1040 1366 1098 1444 sit,

167 1456 248 1517 sicut
273 1456 306 1516 in
338 1455 479 1516 civilibus
500 1453 625 1532 accidit
641 1457 682 1516 ad
706 1457 838 1517 sulutem
857 1457 1026 1536 publicam,
1043 1459 1099 1520 sed

168 1549 264 1610 etiam
293 1549 334 1608 ad
360 1548 494 1609 salutem
516 1549 614 1628 ipsius
644 1548 868 1628 delinquentis,
893 1550 966 1610 inde
986 1551 1101 1613 accidit

168 1641 253 1721 quod
277 1641 395 1720 gradus
410 1659 576 1719 poenarum
591 1660 654 1704 non
668 1645 792 1703 tantum
811 1641 998 1703 demetiatur
1008 1641 1100 1721 juxta

167 1734 307 1796 criminis
320 1733 527 1814 atrocitatem,
540 1737 693 1815 quantum
699 1734 790 1815 juxta
804 1733 907 1795 varias
919 1734 1098 1797 affectiones

167 1827 265 1908 ipsius
277 1826 497 1906 delinquentis.

208 1923 275 1992 Quo
291 1919 405 1999 posito,
422 1921 458 1980 fit
471 1923 505 1982 ut
527 1920 683 1981 ordinarie
696 1920 853 2000 loquendo
876 1920 1015 1982 Ecclesia
1034 1938 1097 1982 non

167 2013 273 2075 veniat
288 2013 329 2074 ad
349 2031 459 2091 poenas
472 2013 633 2092 graviores
658 2013 683 2073 si
708 2031 765 2092 per
778 2012 918 2074 mitiores
932 2012 1030 2091 possit
1051 2012 1099 2074 in-

166 2110 289 2168 tentum
317 2123 430 2183 suum‚
466 2125 578 2184 nempe
609 2105 862 2182 emendationem
889 2105 1099 2184 delinquentis

168 2199 328 2274 obtinere3
354 2217 417 2260 uon
435 2199 531 2276 veuit,
549 2219 579 2260 v.
603 2218 648 2278 g„
665 2199 706 2259 ad
729 2215 876 2259 censuras
899 2197 1095 2276 infligendas,

165 2292 192 2352 si
204 2293 304 2371 possit
314 2311 372 2372 per
382 2291 581 2371 poenitentias
600 2291 852 2354 emendationem
871 2291 916 2352 rei
943 2290 1095 2368 obtinere,

166 2403 224 2446 nec
247 2386 290 2446 ad
317 2403 443 2464 poenae,
467 2385 492 2444 si
514 2384 611 2462 possit
632 2383 772 2445 censuris
798 2383 842 2444 rei
869 2383 1097 2444 contumaciam

167 2495 329 2552 coercere3
355 2478 497 2540 similiter
519 2495 582 2538 non
606 2478 708 2540 aufert
731 2477 836 2537 statim
847 2475 921 2556 jura
942 2476 1097 2554 generalis

167 2571 396 2631 communionis
429 2570 626 2648 christianae,
657 2570 683 2630 si
715 2569 832 2630 habeat
856 2568 930 2649 jura
954 2568 1096 2647 specialis

166 2664 395 2724 communionis
427 2664 579 2724 clericalis
612 2662 933 2744 quae1=antecedenter
974 2661 1096 2722 auferre

166 2757 274 2836 possit.
294 2759 362 2818 Nou
386 2757 499 2818 minuit
520 2757 594 2838 jura
609 2757 712 2836 quoad
735 2775 779 2833 se,
792 2756 817 2816 si
839 2755 937 2833 possit
955 2773 1011 2834 per
1025 2754 1097 2816 sim·

166 2849 282 2928 plicem
297 2850 536 2928 suspensionem
552 2849 689 2912 exercitii
706 2867 825 2925 eorum,
840 2850 985 2910 effectum
1005 2865 1096 2908 suum

167 2942 320 3020 obtinere,
334 2961 392 3002 nac
408 2943 514 3003 omnia
526 2943 631 3004 statim
646 2941 809 3020 suspendit
818 2941 901 3022 jura,
918 2942 944 3002 si
956 2940 1096 3020 partialis

167 3037 313 3116 quaedam
338 3035 513 3097 imminutio
546 3035 683 3098 exercitii
706 3035 888 3096 eorumdem
912 3033 1031 3114 jurium
1051 3031 1096 3093 vi·

166 3128 279 3190 deatur
291 3129 446 3190 sufficere.

205 3224 267 3284 Iste
279 3225 327 3283 est
338 3239 503 3301 processus
528 3222 703 3284 ordinarius
724 3240 785 3308 quo
800 3220 972 3282 Ecclesiae
994 3218 1094 3282 mitio·

166 3314 252 3378 ribus
267 3315 307 3376 ad
327 3307 527 3394 gravissimas
553 3331 663 3394 poenas
685 3313 825 3376 ascendit
842 3332 848 3372 z
864 3314 917 3394 qui
930 3331 1094 3394 processus

165 3409 270 3470 tamen
286 3425 349 3468 non
363 3406 496 3486 impedit
507 3407 673 3488 quominus
686 3407 865 3485 aliquando,
877 3404 1093 3486 praetermissis

165 3500 340 3564 mitioribus
356 3517 522 3579 poenarum
534 3500 694 3580 gradihus,
703 3498 1092 3575 adatrocissimasproenas
