2512 4012
400 209 438 254 ne
461 209 588 255 opsecro
609 211 693 256 roms
715 209 871 255 cuuomcr.
1044 199 1101 260 Μ)

166 357 282 430 ratum,
292 357 382 414 extra
392 355 535 416 ordinem
542 373 617 416 vero
626 355 720 416 fuisse
728 353 865 433 aliquem
874 353 1099 432 episcopatum,

166 451 324 526 quatenus
340 448 496 508 nonnullis
505 448 669 528 episeopis,
682 448 733 509 vel
742 447 886 527 injuriae
900 447 963 508 suis
976 447 1103 510 sedibus

168 540 324 619 expulsu,
350 543 401 602 vel
429 542 469 602 ab
491 541 608 602 eisdem
629 540 768 620 legitime
787 541 925 617 remotis,
949 559 989 601 ne
1012 540 1101 602 otiosi

167 637 381 710 remanerent,
389 634 557 713 aliquando
568 635 726 718 assignata
736 637 783 695 est
792 633 930 695 ecclesia
939 634 1103 715 cujusdam

168 726 282 786 ruralis
299 726 545 804 administratio,
569 726 784 806 dependenter
798 726 837 786 ab
860 727 1006 807 episcopo
1026 727 1102 788 dioe·

167 837 294 881 cesano.

209 915 299 973 Hane
316 913 525 974 oeconomiam
539 914 626 994 sequi
641 913 709 974 visa
719 916 766 973 est
778 913 908 974 Nieoena
919 913 1057 992 synodus
1071 913 1103 974 in

168 1007 312 1066 favorem
338 1007 549 1085 quorumdam
573 1007 792 1085 episcoporum
815 1005 868 1085 qui
894 1025 913 1066 a
937 1006 1103 1068 schismate

170 1099 420 1163 Novatianorum
438 1100 488 1160 vel
504 1100 742 1162 Meletianorum
754 1099 922 1160 redierant.
940 1100 1015 1161 Inde
1030 1098 1105 1160 dicit

170 1193 255 1255 idem
271 1192 414 1253 Pontifex
433 1193 601 1272 aliquando
628 1193 688 1253 illis
712 1210 875 1253 concessas
899 1192 993 1254 fuisse
1017 1192 1104 1254 func·

169 1285 273 1346 tiones
294 1285 413 1346 ordinis
433 1285 636 1364 episcopalis,
662 1285 687 1345 si
703 1285 773 1364 quis
792 1285 901 1347 fuisset
926 1286 1101 1364 episcopus,

170 1378 342 1457 aliquando
365 1397 440 1439 vero
468 1378 640 1457 prohibitas
661 1377 771 1454 fuisse,
796 1378 820 1438 si
848 1379 1012 1456 episcopus
1041 1397 1102 1440 non

170 1471 290 1532 fuisset.

213 1563 275 1624 Sed
291 1563 323 1624 hi
335 1563 560 1643 chorepiscopi,
573 1583 671 1644 quum
681 1563 834 1626 baberent
842 1563 1023 1624 facultatem
1031 1581 1102 1624 con·

169 1657 293 1716 ferendi
309 1658 435 1718 ordines
447 1657 599 1734 minema,
614 1657 676 1719 imo
693 1661 724 1718 et
735 1657 871 1737 majores
888 1673 925 1717 ac
941 1674 1061 1732 samoe,
1079 1656 1104 1716 si

171 1750 305 1810 fuissent
317 1751 472 1830 episcopi,
491 1754 656 1829 coeperunt
675 1751 893 1826 intumescere,
909 1755 940 1810 et
952 1748 1105 1827 episcopis

171 1863 236 1906 non
250 1847 315 1904 tam
329 1845 421 1905 subdi
436 1862 531 1924 quam
546 1843 745 1923 aequiparari.

214 1942 316 2012 Ouum
330 1956 405 2000 voro
418 1956 476 1998 nec
485 1937 690 1998 conciliorum
702 1954 911 2013 canones‚neo
922 1935 1105 2015 pontificum

173 2033 303 2094 decreta
321 2033 402 2092 hane
418 2047 616 2109 compescere
633 2029 774 2090 valerent
789 2029 969 2106 audaciam,
991 2030 1104 2090 saeculo

173 2128 256 2186 ἮΙΙ0
274 2130 305 2187 et
328 2126 403 2200 IX0,
429 2123 481 2184 hic
503 2122 622 2201 gradus
645 2121 839 2183 auctoritatis
865 2123 964 2184 minui
991 2121 1103 2202 erepit,

171 2218 275 2278 donec
294 2219 348 2278 IX⁰
364 2217 497 2292 saeculo,
517 2213 645 2293 omniuo
666 2214 819 2276 extinctus
839 2219 895 2277 est.
917 2217 985 2278 Non
1000 2218 1105 2276 tamen

172 2313 336 2371 cessarunt
349 2309 457 2370 vicarii
471 2308 591 2368 rurales
605 2307 838 2387 episcoporum,
856 2309 911 2368 sed
926 2309 976 2370 hic
989 2309 1105 2388 gradus

173 2403 367 2465 auctoritatis
383 2401 506 2464 adnecti
527 2402 622 2479 coepit
637 2399 824 2480 quibusdam
839 2401 1042 2479 dignitatibus
1056 2400 1106 2463 vel

173 2496 335 2558 beneficiis
358 2497 389 2556 in
412 2513 485 2555 rure
500 2493 685 2570 constitutis,
706 2512 736 2554 v.
762 2511 793 2572 g.
818 2492 1106 2572 archipresbytera-

173 2589 269 2667 tibus
285 2589 437 2668 plebanis²
456 2593 514 2650 eto.
833 2646 835 2650 ,

216 2684 339 2744 XXXII.
365 2682 427 2744 Sed
445 2681 517 2740 dein
530 2680 651 2742 selectis
661 2681 701 2742 ab
712 2679 858 2758 episcopo
871 2678 944 2740 viris
955 2678 1106 2741 committi

176 2775 281 2853 coepit,
297 2776 432 2854 analoga
444 2793 556 2852 nempe
569 2775 689 2845 ratione
702 2774 784 2835 illius
796 2774 880 2854 quod
896 2775 1060 2837 eveniebat
1073 2773 1105 2833 in

176 2867 401 2928 constituendis
414 2867 538 2928 vicariis
560 2868 770 2946 generalibus,
793 2868 831 2928 lli
850 2867 970 2928 rurales
986 2867 1106 2944 episco-

175 2979 288 3040 porum
301 2960 420 3036 vicarii,
432 2959 628 3039 foraneidicti
639 2965 722 3036 sunt,
735 2961 788 3040 qui
799 2960 831 3020 in
842 2959 972 3038 singulis
985 2958 1106 3036 oppidis

90 3074 95 3082 ·
175 3056 225 3114 vel
240 3053 397 3115 suburbiis
416 3052 559 3113 dioecesis
573 3053 711 3132 aliquam
725 3055 951 3131 repraesentant
968 3051 1105 3130 episcopi

172 3146 461 3228 jurisdictionemin
472 3163 508 3206 eo
518 3145 602 3224 quod
612 3148 733 3224 spectat
741 3146 781 3206 ad
790 3148 951 3205 externam
959 3143 1105 3207 Ecclesiae

177 3257 385 3300 oeconomam.

217 3332 268 3393 Sic
285 3332 414 3394 definita
428 3331 522 3412 hujus
534 3331 651 3410 gradus
673 3329 810 3404 notione,
828 3327 933 3410 aliqua
953 3329 1107 3410 principia

176 3426 215 3486 ad
235 3425 303 3506 ejus
318 3424 588 3488 determinandam
609 3421 826 3486 auctoritatem
842 3423 989 3503 ponenda
1009 3427 1103 3485 sunt:
