2484 4016
165 299 224 364 3111
373 316 601 366 rnsrrrunonss
622 318 706 366 runrs
728 317 885 366 oenomai.

167 460 254 524 trina
267 461 448 540 christiania,
460 464 853 547 miadtroruminfirmorum
865 462 976 544 (1585),
986 463 1102 526 sodolo-

163 573 229 615 ram
242 555 379 636 plemma,
393 557 564 619 clericorum
582 558 737 636 minorum,
756 558 797 618 ab
816 559 897 636 Aug.
916 557 1044 618 Adomo
1066 560 1104 620 et

163 650 197 710 F.
212 649 391 711 Caracoiolo
406 649 618 712 institutorum
640 654 734 725 158&
753 651 1009 730 presbyterorum
1029 669 1105 712 con-

59 814 63 828 .
161 742 341 822 propellente
353 742 526 805 mertoniae
537 749 645 806 saneto
660 743 822 806 Vincentio
838 743 979 820 a.Paulo‚
994 747 1054 805 etc.

202 836 320 896 Praeter
331 835 510 915 hujusmodi
527 837 785 918 congregationes
800 855 869 916 quae
884 834 991 898 stricto
1002 855 1100 898 sensu

163 927 323 1006 regulares
338 929 400 990 diei
412 934 553 1008 possunt,
572 937 644 992 sunt
661 933 692 992 et
706 931 786 1008 aliae,
803 947 873 1010 quea
888 927 949 990 dici
966 933 1103 1009 possunt

163 1019 252 1102 quasi
269 1021 439 1102 regulares.
461 1024 542 1086 Sunt
555 1023 639 1084 euim
658 1023 762 1103 potius
785 1023 947 1084 convictus
968 1023 1103 1084 clerico-

162 1132 232 1174 rum
255 1115 443 1176 secularium
469 1135 565 1196 quam
589 1117 773 1178 elericorum
798 1116 852 1196 qui
868 1115 960 1176 alicui
978 1115 1101 1195 regulae

162 1206 316 1285 sedicent,
353 1208 435 1271 sicut
472 1211 650 1290 presbyteri
681 1208 912 1290 congregationis
942 1207 1096 1285 oratorii,

162 1302 268 1362 Ilomae
283 1303 376 1380 1575,
391 1306 530 1364 asanoto
546 1303 689 1382 Philippo
706 1302 799 1364 Nerio
811 1301 953 1366 instituti.

203 1395 284 1455 XXI.
298 1397 328 1455 1⁰
340 1395 485 1458 Instituta
499 1396 658 1475 regularia
670 1395 764 1476 hujus
777 1394 898 1472 periodi
908 1395 1101 1473 profitentur

161 1486 258 1548 vitam
282 1487 469 1565 clericalem,
487 1507 549 1550 non
568 1489 696 1569 quidem
712 1493 864 1569 tanquam
876 1486 1097 1564 ascensoriam,

161 1578 250 1640 sicuti
263 1581 554 1660 secundaperiodo,
568 1601 626 1642 nec
642 1585 793 1662 tanquam
806 1579 1096 1659 comprincipalem,

161 1672 250 1734 sicuti
265 1673 297 1733 in
311 1676 353 1750 3³,
372 1673 428 1735 sed
443 1678 594 1754 tanquam
612 1673 877 1754 principaliorem.
896 1675 976 1733 Nam
990 1672 1098 1734 clerici

160 1765 320 1850 regulares
333 1770 406 1828 sunt
419 1768 622 1847 principalius
637 1767 739 1828 clerici
757 1785 853 1847 quam
870 1765 1049 1846 regularas3
1063 1771 1099 1828 et

159 1858 333 1937 concipitur
353 1860 456 1938 potius
477 1861 621 1940 regulam
644 1861 812 1922 accessisse
827 1859 987 1922 clericatui
1000 1876 1098 1939 quam

158 1950 340 2014 clericatum
365 1954 483 2032 regulae
508 1954 722 2016 consociatum
743 1953 849 2015 fuisse.
881 1952 934 2014 lsti
957 1952 1097 2031 primum

158 2042 319 2106 imitantur
333 2046 437 2123 capita
449 2046 672 2107 canonicorum
681 2045 884 2126 regularium,
893 2063 963 2124 quae
976 2043 1096 2124 pariter

158 2135 464 2214 principaliusvitam
474 2137 651 2200 clericalem
661 2157 756 2218 quam
765 2139 943 2218 regularem
953 2137 1096 2216 professa

158 2231 240 2289 sunt.
253 2231 286 2290 ln
303 2247 340 2290 eo
355 2247 430 2291 vero
449 2230 629 2310 discrepant
643 2233 683 2292 ab
704 2233 765 2292 illis
780 2233 864 2311 quod
883 2248 946 2291 non
961 2230 1023 2292 sint
1037 2229 1095 2290 ad·

159 2321 233 2383 dicti
251 2321 347 2384 choro
363 2323 454 2384 unius
478 2324 528 2385 vel
547 2324 674 2386 alterius
684 2324 850 2404 peculiaris
865 2323 1020 2398 ecclesiae;
1037 2323 1091 2384 scd

156 2416 343 2493 profitentur
361 2416 459 2477 vitam
482 2417 723 2479 ambulatoriam
741 2418 782 2479 ad
797 2418 896 2478 instar
912 2415 1094 2478 mendican-

156 2508 245 2585 tium,
268 2511 299 2570 et
319 2514 504 2572 excrescunt
522 2510 554 2570 in
575 2529 707 2590 magnas
727 2511 861 2572 familias
880 2527 950 2590 quae
961 2508 1093 2571 interius

157 2603 309 2679 reguntur
323 2605 355 2663 et
365 2605 439 2663 sunt
451 2602 608 2682 disposita
619 2605 659 2664 ad
674 2604 772 2666 instar
782 2604 975 2665 eorumdem.

196 2697 228 2754 2·
248 2695 399 2756 Perhanc
413 2696 578 2774 periodum
592 2697 767 2776 temperata
782 2697 907 2758 videtur
925 2695 1091 2758 austeritas

158 2805 253 2866 quam
273 2805 329 2866 par
339 2807 372 2849 se
391 2789 528 2850 tulerunt
542 2790 667 2851 ordines
684 2791 845 2870 regulares
859 2789 988 2868 periodo
1004 2791 1093 2850 ante-

155 2879 290 2956 cedenti,
307 2884 374 2941 tum
393 2882 425 2942 in
440 2881 550 2943 ordine
565 2883 605 2944 ad
620 2888 703 2961 vota,
725 2887 791 2944 tum
805 2883 978 2962 praesertim
994 2881 1027 2942 in
1042 2900 1093 2944 or-

157 2972 230 3034 dine
244 2973 285 3034 ad
299 2978 528 3052 paupertatem.
547 2977 626 3036 Nam
644 2976 683 3037 ad
700 2978 837 3056 primum
854 2975 939 3054 quod
956 2977 1088 3054 spectat,

156 3065 222 3126 sera
238 3066 456 3129 exsoleverunt
466 3068 505 3128 ah
517 3068 601 3129 hisce
617 3069 841 3131 recentioribus
854 3068 1003 3131 institutis
1018 3070 1093 3129 vota

156 3157 318 3220 solemnia.
328 3161 891 3239 Nam,sipraesoindamusanonnullis
899 3161 1025 3224 familiis
1033 3159 1097 3222 cle·

156 3251 293 3313 eteorum
316 3254 509 3332 regularium
523 3255 555 3315 in
569 3255 682 3334 quibus
698 3255 766 3317 haec
787 3259 878 3331 vota,
895 3255 949 3328 sed
966 3258 1091 3316 tantum

155 3347 226 3424 post
251 3344 433 3410 diuturnam
454 3347 691 3426 probationem,
712 3347 907 3425 emittuntur,
933 3348 1092 3410 habentur

155 3438 321 3497 votamere
332 3439 495 3518 simplicia.
508 3443 571 3502 Neo
582 3444 703 3503 tantum
713 3444 787 3503 vota
796 3441 958 3520 simplicia,
969 3442 1026 3504 sed
1034 3441 1092 3502 ali-

161 3526 287 3602 quando
299 3527 366 3590 haec
376 3529 525 3609 ipsanota
536 3533 689 3616 simplicia
704 3533 888 3598 omittuntur
899 3551 971 3598 cum
986 3529 1095 3615 aliqua¹
