2484 4016
163 257 223 320 306
373 271 603 323 irsnrunorns
623 273 707 322 runs
729 269 884 324 erronice

162 414 271 478 stituta
282 418 355 480 sunt
369 416 552 496 simpliciter
568 419 610 478 ad
623 418 684 480 hcc
699 423 733 481 ut
745 417 884 478 habeant
897 414 1101 484 administra·

161 509 281 572 ticnem
294 508 460 589 cujusdam
472 511 586 590 peculii
601 510 823 587 ecclesiastici,
840 511 947 575 favore
966 509 1099 572 fabrice

164 601 370 668 ecclesiarum·
378 603 591 683 impendendi.
600 607 674 666 llaec
684 603 818 683 collegia
828 604 929 664 solent
943 602 975 662 in
991 602 1100 667 Galliis

163 694 293 773 aliisque
305 694 382 756 locis
390 696 712 776 sobmcoeuunouparh
726 696 892 758 inlltrurie
909 714 983 757 vero
994 715 1097 776 opero.

163 790 238 850 Haeo
246 791 352 850 autem
361 790 512 852 institutio
523 809 585 850 non
594 790 674 851 adeo
684 793 807 852 remota
816 795 873 866 est,
882 792 914 850 et
921 790 1101 867 praesertim

163 899 291 944 causam
313 882 425 944 habuit
440 902 479 943 ex
503 882 738 962 depraedatione
756 883 912 945 bonorum
933 881 1101 944 eeclesias-

163 975 296 1038 ticorum
316 994 386 1055 quae
408 975 563 1054 aliquibus
589 976 622 1036 in
643 976 719 1036 locis
744 975 887 1037 obtinuit.
914 975 1019 1052 baini,
1037 976 1098 1038 sub

162 1067 380 1146 episcoporum
393 1069 574 1146 directione,
586 1069 617 1128 in
627 1068 781 1148 quasdam
794 1069 958 1129 societates
972 1068 1098 1130 coalue-

160 1163 244 1236 runt,
253 1179 322 1221 sese
334 1160 373 1220 ad
385 1162 555 1240 quamdam
567 1162 709 1241 pecuniae
720 1179 876 1222 summam
885 1161 1098 1240 colligendam

160 1253 410 1333 servandamque
419 1254 605 1333 obligantes⁹
614 1259 650 1318 ut
659 1255 877 1317 corruentibus
890 1254 1099 1316 ecclesiarum

159 1346 287 1408 fabricis
310 1350 342 1408 et
368 1346 493 1410 illarum
518 1349 711 1410 ornamentis
733 1347 907 1412 subsidium
931 1349 1094 1414 afferrent.

159 1443 233 1502 llaec
242 1440 374 1520 collegia
384 1459 447 1502 non
460 1441 577 1502 habent
587 1441 646 1502 nisi
655 1460 776 1503 meram
789 1441 1098 1502 administrationem
1187 1521 1192 1530 ⁸

159 1532 253 1613 hujus
267 1533 380 1612 peculii
394 1534 477 1613 quod
492 1551 548 1612 pro
563 1534 690 1596 fabricis
706 1533 909 1596 ecclesiarum
922 1535 1099 1596 conflatum

159 1631 207 1686 est
220 1629 251 1688 at
264 1626 323 1688 sub
338 1625 477 1704 episcopi
498 1625 669 1688 directione
690 1626 984 1690 administrandum.
1002 1627 1100 1688 Com-

159 1719 428 1892 ppplpp‘rfispossunt
462 1719 658 1783 clerioclibus
693 1719 812 1782 ordinis
850 1719 1100 1788 administrativi¹

507 1957 676 2018 rlrunus
698 1956 749 2018 Ill.

455 2133 494 2178 nn
517 2135 612 2180 srsru
634 2133 795 2180 nnaunnnr.

197 2277 303 2338 Status
317 2274 369 2338 ille
379 2280 482 2356 potest
495 2279 553 2340 sub
569 2278 687 2356 duplici
700 2281 828 2358 aspectu
844 2278 1046 2356 considerari,
1055 2279 1094 2343 in

155 2387 271 2448 genere
283 2368 467 2434 videlieetet
481 2371 513 2432 in
525 2371 629 2450 speeie
643 2391 649 2432 :
664 2371 820 2451 ingerere
829 2377 860 2432 ct
869 2371 901 2432 in
917 2372 1092 2450 abstracto,

156 2462 393 2540 praescindendo
420 2482 440 2524 a
460 2464 564 2526 studio
590 2463 674 2544 quod
688 2467 800 2542 gerant
814 2463 929 2544 singuli
946 2464 1097 2528 homines

155 2556 360 2635 assequenda
382 2556 581 2636 perfectionis
598 2557 648 2616 vel
663 2575 682 2616 a
697 2555 849 2634 gradibus
871 2557 984 2636 quibus
1002 2556 1035 2616 in
1051 2575 1097 2618 ea

154 2649 373 2728 profecerunt3
387 2650 419 2710 in
431 2649 535 2728 speeie
545 2651 577 2712 et
588 2649 621 2711 'm
637 2652 794 2726 concreto,
810 2648 837 2710 si
850 2652 950 2712 status
960 2650 1095 2715 moralis

156 2747 187 2804 et
202 2742 356 2807 asceticus
370 2743 566 2823 singulorum
582 2759 689 2804 coram
701 2744 765 2804 Deo
781 2743 986 2821 expendatur.

195 2837 268 2896 Haeo
283 2839 389 2898 autem
408 2836 547 2898 secunda
560 2834 758 2914 investigatio
774 2835 896 2902 excedit
906 2836 1019 2898 limites
1032 2855 1095 2916 ge-

155 2928 270 2990 neralis
281 2929 487 3007 tractationis,
499 2934 641 3007 essetque
652 2927 770 2989 homini
783 2927 995 3008 impossibilis.
1008 2931 1094 2992 Gon-

155 3021 302 3085 sideratic
322 3022 405 3085 enim
426 3021 540 3084 interni
561 3024 659 3084 status
677 3021 874 3100 singulorum
894 3041 1001 3086 coram
1020 3024 1090 3084 Deo

156 3114 315 3176 constituit
328 3112 486 3195 objectum
501 3114 586 3192 quod
601 3113 764 3177 scientiam
778 3117 918 3179 nostram
931 3116 1007 3178 lutet
1019 3133 1091 3176 om-

154 3203 240 3283 nino,
254 3207 409 3286 siquidem
421 3209 617 3270 contentum
632 3206 775 3284 aliorum,
790 3206 887 3269 sedet
902 3211 1008 3270 noster
1017 3208 1089 3286 ipse

154 3301 253 3366 status
265 3300 395 3360 moralis
406 3317 512 3363 ocrem
522 3301 586 3360 Deo
603 3318 660 3360 nos
670 3299 765 3378 fugit3
783 3299 878 3362 homo
894 3302 978 3364 enirn
988 3301 1092 3363 nescit

155 3406 195 3453 an
210 3407 316 3450 amore
331 3391 381 3450 vel
395 3390 466 3452 odio
483 3392 597 3469 dignus
609 3392 659 3454 sit.

193 3480 424 3546 Tractationem
437 3481 534 3561 igitur
548 3483 587 3552 de
602 3488 685 3555 statu
706 3485 907 3565 perfectionis
922 3487 954 3550 in
968 3505 1087 3568 genere
