2514 4014
160 211 198 269 66
352 215 699 281 ‚1nsr1rurrounsrun1s
721 183 874 266 uiuorum.

156 371 261 429 torum
282 382 337 424 seu
354 365 587 440 contractuum,
601 363 729 424 effectus
749 362 931 424 immediatus
948 366 995 427 θεῖ
1010 365 1092 427 obli-

156 459 240 540 gatio
256 454 523 530 contrahentium;
540 459 571 517 et
586 474 684 535 quum
702 457 923 518 contrahentes
942 477 1009 518 sese
1025 479 1091 520 non

158 551 296 629 obligent
309 551 459 628 tanquam
474 565 615 626 personae
630 548 772 627 privata,
792 549 848 610 sed
863 553 1014 630 tanquam
1030 571 1092 629 pu-

157 644 245 706 blicae
266 658 423 721 personae,
448 640 622 719 etquidem
642 659 789 719 expressa
812 642 984 720 voluntate,
1003 645 1091 723 quod

156 736 261 797 valere
272 733 386 794 debeat
400 736 430 796 et
440 732 557 793 servari
569 733 829 796 asuccessoribus
840 734 1000 814 utriusque
1015 755 1092 814 par-

156 829 206 906 tis,
220 827 293 889 inde
308 829 355 887 θεῖ
370 826 469 905 quod,
487 825 563 886 inito
582 827 791 904 concordata,
806 830 954 888 nascatur
968 827 1092 907 ohliga-

22 921 28 937 “
157 923 212 998 tio,
229 922 297 981 tum
313 922 451 998 exparte
466 917 634 994 PontificiS,
652 921 720 980 tum
734 939 772 980 ex
786 924 876 997 parte
893 920 1042 998 principis
1057 924 1091 982 et

156 1015 282 1077 illorum
301 1030 526 1088 successorum,
544 1011 663 1072 servari
684 1031 722 1073 ea
744 1012 850 1074 omnia
867 1031 936 1092 qua
956 1013 988 1072 in
1003 1013 1089 1075 dicto

158 1106 346 1170 concordata
360 1105 568 1166 determinata
579 1106 660 1165 sunt.

198 1199 318 1277 Duplex
333 1201 439 1260 tamen
455 1200 502 1258 est
514 1214 604 1258 casus
620 1216 681 1276 quo
694 1197 847 1277 ejusmodi
863 1197 1009 1278 obligatio
1025 1216 1092 1260 ces-

158 1293 363 1370 sarcpotest:

198 1386 231 1448 Si
243 1386 353 1446 mutua
366 1382 509 1444 voluntas
524 1381 778 1444 contrahentium
792 1381 942 1444 dissolvat
957 1383 989 1444 id
1005 1384 1090 1463 quod

158 1481 268 1540 mutua
282 1476 422 1555 ipsorum
433 1475 593 1537 voluntate
609 1475 790 1554 colligatum
802 1479 859 1537 est.
992 1543 994 1550 Α

200 1571 231 1633 Si
245 1569 378 1631 materia
397 1568 479 1646 pacti
500 1568 614 1630 evadat
633 1567 764 1646 physice
784 1567 835 1628 vel
856 1568 1091 1630 moraliter'im-

159 1647 324 1743 possibilis.
345 1665 442 1722 Nemo
462 1660 545 1721 enim
560 1663 662 1740 potest
678 1660 719 1720 ad
734 1657 924 1740 impossihile
944 1661 1087 1740 obligari.

158 1757 290 1818 Materia
308 1758 413 1816 autem
427 1757 474 1814 est
489 1753 650 1815 moraliter
671 1752 869 1833 impossibilis
879 1754 1009 1832 ¹quando
1027 1773 1091 1816 nou

159 1849 293 1927 amplius
316 1847 415 1926 possit
434 1846 618 1906 concordari
642 1846 683 1906 ad
705 1845 872 1909 utilitatem
896 1846 960 1908 sive
985 1848 1090 1908 Status

159 1941 224 2001 sive
246 1939 410 2015 Ecclesia,
430 1957 526 2018 quam
548 1939 659 1998 desua
676 1937 794 2016 officio,
812 1939 851 2000 de
861 1938 984 2019 justitia
997 1939 1091 2000 dehet

159 2033 330 2111 legislator,
342 2032 374 2090 in
385 2031 494 2092 ordine
507 2050 575 2109 suo,
590 2050 786 2110 promovere.
863 2053 867 2061 ·

199 2126 265 2186 Hoc
279 2124 312 2184 in
329 2143 414 2201 casu,
434 2115 580 2204 princeps
598 2124 742 2204 politicus
760 2124 819 2186 erit
831 2123 929 2204 judex
948 2124 980 2184 in
989 2143 1088 2203 quan-

158 2222 226 2280 tum
249 2235 350 2278 sermo
377 2217 416 2278 sit
438 2217 477 2277 de
501 2218 634 2279 utilitate
658 2218 800 2295 politica3
818 2219 965 2279 Summus
984 2220 1088 2279 autem

159 2309 311 2386 Pontifex,
327 2328 425 2391 quum
435 2327 537 2371 sermo
553 2310 593 2370 sit
609 2309 648 2370 de
661 2308 796 2372 utilitate
809 2309 966 2370 Ecclesiae.

200 2403 262 2465 Sed
278 2419 350 2464 cum
366 2402 483 2463 utilitas
494 2401 621 2481 politica
633 2401 830 2476 subordinari
842 2401 955 2463 debeat
965 2401 1088 2462 utilitati

159 2495 323 2572 Ecclesiae,
346 2513 415 2575 quae
439 2499 486 2557 est
501 2495 670 2574 superioris
690 2494 824 2571 ordiale,
846 2495 919 2555 inde
939 2494 1089 2574 estquod

162 2588 310 2669 principis
333 2591 469 2668 potestas
491 2605 554 2648 non
575 2587 672 2666 possit
695 2587 753 2648 suh
776 2591 929 2666 praetextu
948 2587 1089 2650 utilitatis

158 2699 222 2742 suae
235 2684 362 2759 pactum
374 2680 564 2759 infrangere,
582 2679 606 2739 si
622 2680 792 2741 auctoritas
806 2679 1015 2741 ecclesiastica
1026 2695 1088 2740 uon·

155 2772 344 2853 judicaverit
362 2773 394 2832 id
415 2772 606 2850 respondere
626 2772 751 2834 utilitati
773 2772 930 2834 Ecclesia.
955 2772 1043 2845 Quod
1063 2771 1088 2832 si
1142 2796 1146 2803 ·
1174 2784 1181 2799 '

158 2865 314 2945 princepe,
333 2865 532 2944 promulgato
549 2864 680 2944 judicio,
699 2884 756 2943 per
773 2884 806 2926 se
825 2865 1001 2946 refragetur
1015 2883 1089 2946 conf
1130 2857 1132 2862 ’

158 2957 299 3036 cordato,
319 2957 516 3019 occasionem
529 2958 649 3036 praebet
659 2958 746 3021 alteri
760 2957 841 3038 parti
853 2959 887 3019 ut
897 2957 949 3040 huj
955 2978 989 3020 us
1004 2957 1088 3037 pacti

158 3049 198 3112 ab
211 3051 393 3113 executione
406 3051 569 3112 abstineat.
670 3082 672 3085 f
781 3125 783 3128 ¹

114 3223 117 3227 ἢ
196 3144 576 3205 2⁰A1terdatureffeetus
591 3143 868 3220 concordatorum,
888 3145 1017 3204 effectus
1031 3162 1088 3204 me-

159 3234 255 3295 diatos
268 3237 396 3314 scilicet,
407 3241 441 3298 ut
451 3238 553 3317 legem
563 3235 680 3299 faciant
686 3255 745 3321 pro
755 3235 900 3298 omnibus
912 3236 972 3297 illis
981 3237 1088 3298 Eccle-

159 3327 276 3406 siispro
288 3329 400 3407 quihus
412 3331 582 3391 irritasunt.
595 3329 685 3391 Ratio
696 3333 743 3391 θεῖ
754 3330 837 3410 quod
848 3347 1001 3408 persona,
1017 3347 1086 3411 quae

158 3419 190 3479 in
205 3420 384 3502 hujusmodi
399 3426 576 3486 contractus
596 3423 799 3505 conveniunt,
816 3440 878 3484 non
898 3421 937 3484 de
952 3420 1085 3500 negotiis
