2514 4014
198 267 237 344 al
406 295 634 346 mauraneum
654 297 737 346 rums
760 300 913 350 csuourer.
975 323 979 330 -

199 442 240 503 ad
257 441 352 502 finem
368 439 492 520 dirigit,
509 443 555 502 est
568 447 714 522 potestas,
743 462 812 524 quae
829 444 945 506 ideireo
965 441 1026 508 dioi
1046 447 1132 512 solet

198 534 300 594 forma
313 532 480 594 societatis.
498 533 575 596 lnde
588 534 690 596 forma
704 535 862 616 regiminis
879 557 918 599 ex
931 539 999 618 ipso
1013 542 1131 603 natura

198 625 359 705 potestatis
371 626 468 687 result
488 630 510 688 i.
954 688 956 693 .

236 720 378 780 Potestas
396 737 471 781 vero
490 719 523 780 iu
542 720 699 782 abstracto
719 724 859 801 spectata
877 722 955 784 nihil
973 723 1059 786 aliud
1078 729 1130 787 est

198 829 293 892 quam
317 811 497 890 oomplexus
515 811 643 892 quidam
661 812 797 893 jurium;
814 813 847 874 in
861 819 1006 878 eonoreto
1019 819 1128 879 autem
1244 835 1245 862 ¹

196 922 292 984 penes
309 922 405 966 unam
418 922 586 983 personam
600 905 764 984 physicam
781 907 831 968 vel
842 907 994 970 moralem
1008 909 1125 988 existit,

198 1015 268 1077 quaa
282 995 441 1077 subjeetum
455 997 628 1077 potestatis,
644 1016 699 1058 seu
713 997 837 1060 illorum
843 999 973 1081 jurium,
987 1002 1129 1081 appella·
1244 1005 1245 1088 l

197 1093 258 1152 tur.
273 1088 418 1150 Proxime
428 1107 504 1169 ergo
517 1107 574 1168 per
587 1089 718 1152 modum
732 1109 795 1171 quo
811 1091 862 1153 ille
881 1094 1061 1174 complexus
1071 1093 1128 1176 ju-

198 1181 280 1242 rium
291 1180 323 1240 in
337 1199 394 1242 suo
406 1180 546 1262 subjecto
561 1181 652 1260 inest,
671 1183 818 1245 definitur
835 1183 937 1246 forma
950 1185 1125 1266 regiminis,

196 1290 265 1354 quae
283 1275 330 1334 est
342 1273 467 1353 simplex
479 1276 541 1335 aut
555 1291 645 1352 pura,
664 1273 690 1336 si
710 1275 869 1355 plenitudo
889 1278 1049 1356 potestatis
1068 1279 1125 1340 uui

195 1365 336 1445 subjecto
350 1363 441 1441 inest,
453 1365 610 1446 conposito
623 1367 798 1445 autmixta,
812 1369 837 1429 si
848 1368 989 1449 pluribus
1002 1370 1125 1452 subjee-

194 1457 244 1535 tis‚
262 1474 396 1537 quorum
414 1457 537 1536 singula
551 1462 673 1538 partem
693 1460 856 1522 dumtaxat
873 1466 1054 1525 exeroerent
1070 1481 1126 1524 su·

113 1613 116 1620 ,
154 1557 157 1562 “
194 1568 311 1630 premae
327 1539 509 1629 potestatis,
525 1550 668 1613 inhaeret.

234 1645 328 1707 XVII.
353 1645 425 1709 lam
440 1661 514 1705 vero
529 1642 660 1723 tripliois
670 1645 794 1723 generis
805 1662 872 1706 esse
887 1649 990 1726 potest
1001 1645 1126 1727 subjee-

193 1739 261 1798 tum
288 1736 449 1815 potestatis
472 1754 647 1816 suprema,
669 1755 782 1817 nempe
810 1756 901 1816 unus,
923 1740 1029 1819 pauci,
1053 1739 1124 1818 ipsa

193 1828 358 1890 multitudo
377 1849 383 1890 :
402 1830 433 1889 et
449 1827 494 1889 sio
511 1828 634 1907 exurgit
652 1828 765 1908 triplex
779 1830 881 1892 forma
894 1831 1026 1911 simplex
1039 1831 1124 1910 regi-
1207 1821 1212 1826 ⁸

193 1920 296 1998 minis,
310 1920 523 1997 monarchias,
539 1920 753 1983 aristocratiae
765 1925 796 1984 et
808 1923 1027 1986 democratiea.

235 2016 265 2073 1ο
285 2011 458 2073 Moneredio
476 2016 523 2074 est
538 2031 576 2074 ea
589 2013 749 2092 regiminis
763 2015 865 2076 forma
878 2015 910 2076 in
925 2034 988 2097 qua
1001 2015 1123 2097 subjee·

193 2107 261 2168 tum
275 2105 437 2186 potestatis
452 2109 499 2168 est
513 2124 578 2168 una
591 2125 726 2186 persona
737 2106 880 2187 physica.

232 2201 263 2260 2⁰
283 2199 479 2260 Arestoeratia
504 2199 557 2261 illa
582 2201 629 2260 est
653 2199 755 2261 forma
779 2199 811 2260 in
841 2219 903 2280 qua
928 2203 1065 2280 potestas
1088 2201 1122 2262 in

192 2292 300 2372 pauois
317 2286 520 2371 optimatibus
536 2291 627 2368 inest,
644 2310 681 2352 ao
695 2292 826 2370 proinde
841 2292 930 2372 eujus
944 2292 1121 2373 subjeetum
1188 2317 1192 2326 ·

194 2384 386 2448 auetoritatis
409 2402 562 2464 supremae
583 2388 630 2446 est
653 2384 798 2465 quaedam
816 2403 951 2464 persona
976 2385 1118 2463 moralis,

193 2497 255 2540 non
273 2477 426 2555 omnibus,
443 2477 499 2540 sed
513 2477 620 2557 pauois
635 2477 817 2557 proceribus
830 2479 1017 2540 ooalesoens.

232 2573 263 2632 3ο
284 2571 424 2632 Tandem
443 2569 619 2631 democratia
637 2569 814 2648 appellatur
831 2569 909 2632 illud
926 2570 1067 2650 regimen
1087 2570 1120 2632 in
1244 2597 1245 2650 p

192 2681 254 2743 qno
269 2667 406 2743 potestas
417 2666 464 2725 est
473 2663 505 2723 in
520 2663 648 2743 populo,
662 2663 761 2724 souin
775 2661 1052 2744 ipsamultitudine
1067 2683 1074 2725 :
1088 2663 1121 2724 in
1179 2693 1182 2697 ·

191 2755 251 2816 baa
271 2774 345 2834 ergo
364 2753 465 2816 forma
486 2755 661 2836 subjeetum
680 2773 834 2835 supremae
859 2755 1052 2818 auetoritatis
1074 2757 1122 2816 est
1244 2771 1245 2780 ¹

193 2848 338 2928 quaedam
353 2866 487 2926 persona
498 2848 625 2909 moralis
635 2847 781 2911 universa
793 2848 885 2928 plebe
900 2852 1055 2910 constans.

231 2943 348 3003 Praeter
357 2941 414 3002 has
423 2941 539 3002 formas
549 2941 715 3021 simplices,
735 2942 849 3004 dantur
860 2941 1014 3021 regimina
1022 2939 1121 3004 mixta
1244 2927 1245 2956 ἶ

191 3032 256 3094 fere
281 3034 463 3111 innumera,
485 3051 554 3114 quse
579 3051 617 3094 ex
637 3031 726 3096 varia
750 3035 886 3096 mixtura
913 3037 943 3096 at
967 3033 1120 3096 divisione
1244 3107 1245 3116 ἵ

172 3125 307 3206 -jurium
332 3126 414 3189 inter
441 3125 532 3206 plura
560 3126 701 3207 subjeota
727 3131 907 3206 exsurgunt.
942 3126 1120 3208 Aliquando

191 3236 270 3279 unus
294 3223 416 3298 partem
434 3219 588 3298 potiorem
607 3219 726 3300 jurium
745 3219 916 3301 majestatis
938 3221 1039 3293 tenet3
1064 3218 1122 3280 ali-

191 3311 316 3390 quando
328 3312 477 3392 haeopars
487 3311 519 3372 in
533 3331 629 3374 manu
642 3312 828 3391 optimatum
838 3312 889 3373 vel
903 3311 1000 3391 ipsius
1013 3311 1121 3391 populi

191 3403 363 3482 reperitur3
388 3407 419 3465 et
431 3408 569 3483 potestas
581 3405 704 3484 integra
723 3403 914 3484 oonjunotim
928 3403 961 3465 in
979 3402 1121 3482 pluribus

190 3499 334 3561 versatur
345 3496 502 3577 subjectis.
519 3500 626 3578 ltaque
644 3515 700 3578 pro
716 3496 823 3558 divina
840 3495 1040 3576 rationeque
1059 3494 1119 3556 dis-
