2546 4016
344 241 452 292 locres
472 243 626 292 susurrus
646 243 730 294 rums
751 244 908 296 cononici.
1034 235 1095 304 tta

148 415 269 477 nempe
282 396 438 477 principie
451 397 507 460 ille
524 416 594 479 qus
607 399 641 460 in
657 399 815 464 veteribus
835 399 1008 466 aeronibus
1021 405 1092 466 tan-

151 510 252 574 quam
267 490 428 552 insemine
442 491 563 554 incluse
570 493 820 573 reperiebantur,
832 513 890 574 per
899 495 1090 560 recentiores

152 585 396 648 constitutiones
409 585 537 647 evolute
550 588 581 648 et
594 586 751 666 applicata
765 590 848 651 aunt.

193 680 225 740 3·
247 679 323 758 dep.
356 677 425 740 Sint
454 697 589 742 oenones
615 681 784 742 conformia
805 681 1084 762 interpretationis,

151 789 270 852 nempe
289 771 342 852 qui
361 775 536 835 consonent
556 791 629 834 cum
650 773 720 853 lege
747 793 817 854 quae
837 774 1087 854 interpretationi

151 865 330 945 subjicitur.
346 864 377 926 Si
390 864 474 926 enim
483 864 527 926 illi
542 864 659 928 luerint
673 865 821 928 contrarii
837 869 869 930 et
883 867 1012 931 omnino
1026 870 1088 932 dis-

148 957 231 1034 soni,
245 960 315 1019 tem
329 955 453 1018 difficile
462 960 509 1019 est
518 961 553 1019 ut
567 959 693 1021 valeant
706 959 836 1021 alterius
850 979 978 1022 sensum
990 962 1088 1042 expli·

151 1068 227 1112 cere
240 1053 277 1112 ut
289 1049 393 1128 potius
406 1049 621 1113 demonstrent
634 1053 675 1114 ab
695 1070 732 1114 ee
746 1051 911 1133 disciplina
927 1071 1089 1118 recessum

150 1143 259 1207 icisse.

252 1291 278 1332 11.
289 1291 320 1331 De
332 1289 438 1341 arcturis
451 1291 523 1332 etotllr
532 1291 555 1334 tu
563 1301 678 1333 sacrorum
685 1301 791 1334 monum
799 1292 991 1344 interpretatione.

189 1411 243 1472 Ill.
272 1411 339 1470 Duo
363 1408 396 1468 in
414 1409 473 1470 heo
490 1427 524 1470 re
534 1414 612 1480 ‚sunt
629 1410 758 1472 vitende
774 1414 926 1489 extreme,
951 1411 1086 1477 alterum

150 1517 263 1566 eorum
276 1518 390 1582 nempe
405 1501 458 1582 qni
473 1506 559 1567 tento
573 1503 740 1568 fenetismo
754 1504 853 1566 civilis
869 1504 950 1586 juris
964 1505 1084 1584 ehrept'

151 1599 226 1658 sunt
238 1599 273 1658 ut
286 1595 340 1656 vix
349 1599 404 1656 eut
413 1615 452 1656 ne
467 1596 518 1657 vix
529 1597 656 1677 quidem
671 1596 789 1676 aliquid
803 1597 962 1675 reperiant
975 1597 1086 1676 injure

150 1689 315 1765 canonico,
332 1689 417 1768 quod
444 1707 463 1750 e
486 1689 558 1770 jure
581 1707 712 1752 romano
741 1689 918 1752 derivatum
940 1706 1004 1752 nou
1023 1688 1082 1764 sit;

149 1783 285 1844 alterum
311 1799 421 1842 eorum
448 1782 501 1862 qui
520 1783 617 1844 talem
650 1782 812 1844 divisionis
835 1781 988 1862 parietem
1010 1800 1086 1844 oon-

149 1879 275 1938 struunt
288 1875 370 1936 inter
383 1894 481 1936 uuum
496 1879 528 1937 et
537 1876 671 1938 alterum
683 1876 746 1956 jue,
762 1879 798 1940 ut
811 1876 898 1938 nesea
911 1875 952 1938 sit
966 1875 1006 1936 de
1021 1892 1083 1938 unc

150 1969 192 2030 ad
206 1968 341 2028 alterum
352 1967 573 2047 explicandum
584 1987 769 2048 provocare.

189 2063 271 2122 Nem
281 2059 307 2120 si
318 2063 370 2120 lem
378 2065 555 2125 teneremus
570 2062 768 2139 sententiam,
778 2062 957 2125 videremur
966 2079 1083 2140 negare

148 2153 298 2218 Eeclesiae
326 2155 471 2234 quaedem
498 2155 651 2234 principie
676 2155 801 2223 sibimet
820 2155 959 2234 propria,
989 2172 1084 2234 super

149 2266 221 2330 quoe
252 2247 396 2311 fundavit
413 2247 641 2327 legislationem
675 2266 783 2326 suem,
807 2247 931 2328 elieque
953 2247 997 2310 illi
1020 2265 1081 2310 non

148 2340 323 2404 concedere
344 2340 498 2419 principie
519 2341 577 2403 nisi
590 2361 659 2422 quae
682 2360 701 2402 e
721 2359 852 2403 romono
868 2340 940 2420 jure
959 2343 1083 2404 mutua·

147 2434 203 2497 vit.
222 2433 286 2495 Sed
301 2434 442 2497 Ecclesia
461 2434 590 2513 proprie
608 2433 719 2496 hebuit
741 2432 895 2512 principia
909 2431 1081 2513 etquidem

148 2527 248 2589 multo
264 2526 419 2590 nobiliore
433 2545 499 2606 pree
506 2527 578 2608 jure
589 2525 684 2604 civili,
701 2543 813 2606 nempe
832 2524 940 2586 lumen
958 2525 1080 2588 revele-

148 2619 254 2686 tionis.

188 2714 221 2778 Si
236 2729 311 2776 vero
324 2701 457 2775 elterem
471 2730 675 2794 sequeremur
689 2711 886 2788 sententiam,
900 2709 1081 2775 videremur

148 2805 466 2887 negare'enelogiem
491 2807 577 2868 illem
600 2826 669 2887 ques
692 2804 858 2870 intercedit
877 2803 960 2868 inter
983 2820 1082 2874 unum

149 2903 180 2962 et
193 2900 328 2962 alterum
339 2899 391 2980 jus
406 2900 491 2980 quod
501 2902 669 2980 utrumque
688 2899 728 2962 eb
739 2917 801 2962 uno
816 2898 991 2978 eodemque
1008 2914 1081 2958 euc-

147 2996 214 3056 tore
245 2993 278 3054 iu
287 2993 399 3058 ultime
425 2991 546 3075 enelysi
564 2993 735 3071 procedere
772 2990 986 3054 confitendum
1020 2991 1077 3064 est,

151 3087 296 3168 quodque
318 3086 351 3148 in
371 3105 469 3147 unum
491 3085 638 3166 idemque
660 3085 785 3149 bonum-
798 3082 926 3144 numeni
951 3079 1087 3160 generis

149 3179 322 3243 ordinatur.
349 3179 536 3243 videremur
560 3178 688 3258 insuper
723 3176 888 3240 admittere
916 3173 1077 3254 quoddam

147 3271 263 3334 bellum
277 3273 364 3334 velut
378 3291 417 3334 ex
427 3273 597 3352 systemate
611 3271 693 3333 inter
703 3267 945 3332 ecclesiasticam
956 3266 1081 3334 etoivi-

148 3363 210 3427 lem
223 3365 453 3444 auctoritatem,
468 3365 550 3428 inter
563 3363 747 3428 canonicum
755 3365 787 3426 et
794 3360 917 3425 civilem
921 3359 1079 3444 jurispru-

153 3457 299 3522 dentium.
1080 3485 1082 3490 v
