2546 4016
341 329 451 378 toarci
474 326 626 376 sororius
646 327 730 374 runis
752 326 907 375 enuourcr.
1036 311 1093 373 lia

158 481 236 539 suut
263 477 304 539 ad
328 477 524 538 voluntatem
552 471 740 552 legislatoris
768 470 1038 533 determinandam
1062 471 1095 531 in

159 570 292 650 singulis
305 569 385 650 juris
401 566 666 646 dispositionibus.

204 663 267 725 Sed
290 663 387 723 etiarn
408 663 510 740 potest
533 659 676 720 accidere
699 661 732 720 ut
752 658 857 737 plures
879 657 1096 739 dispositioncs

160 759 270 836 legum
297 756 380 816 inter
406 772 439 814 se
460 770 603 832 pugnare
622 752 790 813 videantur
806 772 812 812 :
829 752 954 831 regulas
978 752 1018 812 ad
1041 771 1098 814 vo-

160 851 317 910 luntatem
339 846 526 926 legislatoris
549 845 776 906 desumendum
794 845 825 904 in
845 845 892 905 his
910 845 1048 924 casibus,
1065 846 1097 906 in

163 947 224 1005 art.
243 961 310 1022 seq.
327 941 498 1002 trademus

444 1097 623 1148 ARTICULUS
645 1098 822 1149 SECUNDUS.

226 1229 260 1266 DE
276 1225 390 1266 anoctis
406 1225 443 1263 AD
459 1225 636 1264 votuursrnu
653 1225 840 1264 Loolsluronls
858 1225 1037 1265 nascituros!

306 1301 465 1341 inruemur(
480 1301 691 1340 DlSCllEl’ANTlllll
706 1302 795 1341 trouu
809 1301 965 1341 CONFLICTU.

206 1411 245 1470 X.
264 1409 318 1468 lm·
337 1405 452 1466 Theor.
474 1402 610 1465 Voluntas
636 1405 810 1485 legislatoris
836 1417 966 1466 coactores
984 1424 1101 1486 presu-

165 1502 260 1562 mr'tur
274 1511 303 1559 ct
312 1505 467 1580 perpetuu.

208 1593 298 1655 Ratio
315 1595 361 1652 ost
377 1591 451 1670 quia
467 1589 492 1650 si
508 1607 600 1651 nemo
620 1592 821 1670 praesumitur
838 1595 976 1654 mutasse
990 1592 1102 1653 volun-

166 1692 277 1763 tatem,
289 1684 348 1744 nisi
362 1683 555 1745 contrarium
570 1688 701 1761 constet,
713 1685 812 1746 multo
825 1684 928 1745 minus
942 1684 1102 1764 legislator

168 1782 201 1842 in
219 1781 289 1858 lege
308 1777 488 1854 condenda,
505 1776 661 1855 siquidem
676 1777 851 1840 constantia
866 1781 897 1839 et
910 1777 1102 1857 perpetuitas

169 1875 276 1953 legum
290 1869 475 1932 attributum
491 1872 547 1930 est.
565 1869 654 1931 Unde
670 1870 729 1932 hoc
744 1871 962 1932 corollarium:

209 1967 293 2044 Ergo
307 1963 339 2025 iu
353 1981 507 2024 concursu
524 1962 660 2041 plurium
679 1963 785 2042 legum
799 1964 849 2026 vel
864 1963 1102 2044 dispositionum

172 2077 243 2140 quae
263 2055 430 2118 contrariae
450 2056 607 2132 videntur,
629 2056 807 2136 interpretis
828 2057 964 2119 officium
984 2060 1031 2118 est
1050 2075 1103 2117 eas

87 2221 91 2234 ⁸
171 2150 339 2214 conciliare
364 2151 516 2228 quantum
540 2149 665 2227 poterit,
682 2149 788 2229 sicque
813 2150 974 2232 utriusque
996 2151 1104 2211 ohser-

172 2244 313 2307 vantiam
327 2240 418 2303 tueri.
436 2242 525 2303 Unde
542 2242 652 2321 regula
668 2241 701 2302 in
716 2242 788 2323 jure
803 2247 930 2323 recepta
943 2247 1003 2322 est,
1019 2243 1103 2324 quod

171 2339 196 2400 si
214 2339 285 2399 duae
302 2334 467 2396 contrariae
486 2335 705 2414 dispositiones
722 2339 925 2414 concurrant,
939 2337 1039 2399 altera
1052 2355 1103 2416 ge-

171 2430 299 2507 neralis,
317 2429 416 2489 altera
436 2427 590 2506 specialis
609 2427 798 2490 sustineatur
819 2447 944 2507 semper
962 2429 1104 2507 specialis

173 2527 285 2587 eontra
305 2521 502 2601 generalem,
522 2538 586 2581 non
608 2524 712 2590 autem
734 2521 889 2599 generalis
910 2525 1018 2583 contra
1037 2540 1105 2600 spe-

174 2618 300 2680 cialem.
470 2633 472 2636 ·

221 2710 279 2771 llio
303 2707 477 2771 notandum
505 2707 659 2788 estquod
687 2705 772 2788 apud
794 2706 992 2789 jurisperitos
1017 2725 1107 2790 penus

175 2802 363 2884 appellatur,
382 2801 468 2881 quod
486 2801 627 2880 pluribus
649 2819 815 2864 commuue
837 2806 898 2880 est,
915 2823 946 2865 v.
962 2821 994 2883 g.
1010 2803 1107 2864 hene·

174 2897 281 2958 ficium
296 2913 395 2976 genus
413 2897 477 2972 est,
495 2894 696 2955 canonicatus
711 2895 841 2974 species.
858 2893 983 2976 Species
1001 2899 1107 2956 autem

176 2991 293 3052 dieitur
316 2988 469 3069 quidquid
492 2987 523 3047 in
545 2988 779 3066 comparatione
803 2989 902 3067 illius,
922 3007 1034 3068 nempe
1055 3005 1107 3066 ge-

176 3084 276 3161 neris,
294 3083 398 3142 minus
423 3098 589 3141 commune
614 3084 674 3157 est,
691 3081 741 3142 rel
763 3083 921 3142 nonnullis
941 3081 1106 3159 competit,

177 3178 228 3240 vel
248 3180 372 3238 tanturn
391 3175 483 3235 unico
504 3173 676 3235 individuo.
689 3175 794 3251 Unde,
809 3194 839 3236 v.
852 3193 897 3253 g.,
910 3193 972 3234 non
988 3177 1109 3236 tantum

177 3270 382 3332 canonicatus
406 3267 458 3348 qui
484 3270 556 3328 sunt
584 3266 703 3346 species
732 3285 807 3346 erga
827 3267 1032 3346 heneficium,
1054 3268 1110 3330 sed

180 3365 274 3426 etiam
289 3363 350 3424 lioo
362 3361 560 3438 beneficium,
573 3359 624 3420 hio
637 3360 838 3421 canonicatus
852 3359 965 3422 dieitur
977 3362 1107 3440 species·

219 3460 286 3519 Hoc
299 3455 421 3536 posito,
436 3453 601 3533 supponite
618 3453 702 3533 qnod
718 3457 906 3516 concurrant
919 3455 989 3515 duae
1005 3455 1111 3533 dispo-

180 3551 309 3615 sitiones
320 3547 496 3626 contrariae,
508 3547 564 3610 sed
574 3566 638 3610 una
648 3547 687 3609 de
697 3566 823 3628 genere,
837 3548 935 3610 altera
945 3547 984 3609 de
995 3546 1108 3628 specie.
