2512 4012
389 293 428 335 or
450 275 578 336 oniacro
599 290 682 337 tuuis
704 290 860 338 canonici.
1036 278 1092 338 tas

160 435 394 513 parianturnon
408 437 531 496 tantum
542 434 573 493 in
585 434 725 513 personis
738 435 917 513 individuis,
930 435 1092 497 sedetiam

160 528 189 587 in
204 528 338 608 integris
353 526 492 607 collegiis
504 527 701 590 clericorum.

197 621 288 685 Unde
302 622 370 682 haec
384 621 528 682 tractatio
543 621 576 680 in
588 621 667 681 duos
682 621 829 682 articulos
847 621 1018 684 dividenda
1033 628 1091 699 ast,

160 731 295 796 quorum
307 714 426 793 primus
442 713 501 775 erit
516 713 554 774 de
569 713 747 774 hierarchia
755 713 979 793 jurisdictionis
994 718 1094 778 eccle-

160 808 292 869 siastioae
304 807 337 866 in
356 807 486 890 singulis
501 806 621 867 clericis
638 807 846 882 considerata,
863 809 942 868 alter
954 828 1029 870 vero
1054 810 1093 871 de

161 901 219 961 hac
252 901 321 978 ipsa
346 899 524 960 hierarchia
550 899 582 958 in
609 899 748 978 collegiis
771 900 965 962 clericalibus
991 903 1093 963 consi-

162 993 281 1054 derata.

480 1139 646 1186 nnurcutus
661 1141 781 1186 uulnus,

242 1281 287 1342 De
301 1281 468 1343 hierarchia
474 1280 695 1362 jurisdictionis
709 1284 740 1344 in
750 1284 873 1365 amyclis
886 1285 1008 1348 clericis.

201 1442 239 1502 ll.
257 1438 450 1516 iurisdictio,
467 1442 607 1518 utsupra
620 1440 739 1502 dictum
752 1445 809 1518 est,
823 1443 1029 1505 essentialiter
1040 1445 1095 1506 de-

162 1532 304 1612 legabilis
319 1535 374 1592 est.
385 1535 452 1592 Non
468 1536 591 1593 tautum
600 1532 670 1594 ideo
683 1534 910 1594 consideranda
922 1538 968 1595 cat
980 1536 1011 1595 in
1026 1555 1096 1615 gra-

162 1626 254 1686 dibus
269 1623 456 1702 originariis,
474 1625 579 1686 divino
590 1625 663 1705 jure
680 1626 866 1703 constitutis,
883 1628 939 1687 sed
954 1627 1048 1688 etiam
1063 1628 1095 1688 in

162 1719 198 1779 iis
220 1717 371 1797 gradihus
387 1717 439 1796 qui
456 1736 493 1777 ex
518 1717 656 1778 humana
670 1719 816 1780 Ecclesia
838 1718 1031 1782 institutione
1046 1739 1096 1782 ac·

162 1813 332 1872 cesserunt.
356 1812 390 1870 ln
413 1810 472 1870 hac
495 1811 635 1889 generali
655 1811 840 1872 tractatione
864 1812 902 1872 de
918 1811 1097 1873 hierarchia

158 1902 384 1983 jurisdictionis
393 1903 590 1964 considerata
599 1904 630 1963 iu
645 1903 766 1964 clericis
781 1903 940 1983 sigillatim
951 1905 1093 1984 sumptis,

160 1997 261 2075 primo
274 1995 343 2056 loco
355 1997 393 2056 de
407 1995 445 2056 iis
459 1996 609 2075 gradihus
625 1996 793 2058 dicendum
808 2002 855 2059 est
870 1999 922 2077 qui
938 2019 975 2060 ex
988 1999 1096 2060 divina

158 2089 352 2151 institutione
373 2092 456 2166 sunt,
473 2088 610 2149 secundo
627 2089 666 2149 de
679 2089 739 2150 illis
762 2090 814 2169 qui
831 2109 869 2151 ex
883 2091 1096 2153 ecclesiastica

161 2185 297 2244 tautum.
743 2208 745 2210 ·

282 2341 292 2394 ς
305 2341 323 2383 1.
342 2349 372 2381 na
386 2350 503 2382 carcinus
517 2350 561 2392 our
575 2350 635 2382 auur
650 2351 681 2383 rx
695 2352 782 2384 arvum
797 2351 976 2385 murtrurrour.

201 2476 254 2536 ΙΙΙ.
273 2473 382 2546 Quoad
392 2473 528 2550 primum
539 2476 670 2551 spectat,
681 2473 706 2533 si
717 2473 856 2534 diuinam
866 2475 1013 2536 Ecclesia
1024 2494 1097 2538 con-

163 2567 356 2628 stitutionem
371 2566 560 2639 recolamus,
580 2565 659 2626 duos
674 2565 849 2626 invenimus
863 2567 981 2645 gradus
1000 2569 1096 2629 eccle-

164 2659 296 2720 siasticae
308 2657 501 2720 auctoritatis
511 2657 643 2719 tributos
652 2677 671 2719 a
679 2658 800 2720 Christo
811 2657 930 2719 clericis
939 2659 1097 2738 sigillatim

164 2750 1095 2830 sumptis:videlicetpontificatumsupremumetinferiorcm

165 2844 390 2922 episcopatum.
411 2843 692 2921 Quaproptcr'sinc
715 2843 909 2906 dubitatione
930 2863 1097 2924 possumus

164 2955 304 2998 asserere
317 2935 527 2996 hierarchiam
542 2935 647 2996 divina
662 2937 857 2998 ordinatione
868 2937 950 2998 inter
958 2938 1097 3016 singulos

164 3029 294 3093 clericos
308 3028 492 3105 institutam,
504 3027 619 3106 duplici
629 3028 730 3106 gradu
742 3032 901 3091 constare:
914 3029 1097 3108 pontificatu

163 3122 300 3183 maximo
316 3125 347 3182 et
361 3121 516 3181 inferioris
532 3120 650 3181 ordinis
663 3121 855 3200 episcopatu.

204 3215 267 3276 Sed
294 3215 493 3293 pontificatus
510 3213 665 3274 maximus
688 3231 725 3274 eo
749 3214 816 3292 ipso
837 3213 919 3292 quod
943 3213 1099 3278 maximus

165 3311 226 3384 cst,
243 3308 274 3368 id
290 3309 337 3367 ost
351 3325 516 3386 supremus
531 3305 563 3364 in
584 3323 641 3367 suo
657 3306 777 3382 ordine,
791 3306 859 3386 jam
873 3305 932 3368 fuit
943 3326 1001 3387 per
1024 3327 1099 3370 con-

163 3401 297 3481 sequeus
313 3400 418 3461 divino
444 3399 517 3477 jure
546 3398 687 3460 absolute
703 3403 734 3459 et
748 3399 926 3477 plenissime
952 3401 1099 3461 determi-

170 3498 270 3554 natus.

947 3565 993 3652 ir
