2514 4014
181 281 220 348 u
391 277 620 342 rnsrrrurrouts
641 281 723 338 sonis
745 280 898 339 cnuour'ci.

181 445 319 522 systema
332 455 498 518 poenamm
509 434 635 498 omnino
648 433 864 512 singularium,
880 452 992 513 nempe
1003 450 1117 512 poena·

180 553 251 596 rum
271 530 481 612 spiritualium.
498 531 595 590 Porro
618 526 657 587 de
678 526 735 602 iis,
761 531 912 606 tanquam
927 528 965 588 de
987 527 1115 608 objecto

176 628 257 708 juris
266 625 364 687 nostri
375 622 513 702 proprio,
528 619 667 682 breviter
681 619 873 698 loquendum
887 623 944 680 est.

220 723 262 782 Ut
273 718 368 797 igitur
381 716 490 796 paucis
498 714 748 774 demonstremus
761 715 917 772 texturam
930 713 1114 791 generalem

179 811 357 892 systematis
386 808 517 887 poenalis
541 804 686 866 Ecclesiae
704 851 711 881 ,
730 804 925 870 ,considerati
948 805 979 864 in
1001 805 1113 865 ordine

179 903 344 984 spirituali,
354 901 492 962 breviter
500 899 667 978 loquemur
681 918 687 958 :
703 900 733 958 l⁰
744 897 955 975 depoenarum
968 897 1114 977 spiritua-

179 999 257 1059 lium
277 999 354 1070 fine;
371 999 402 1056 2⁰
425 994 463 1054 de
489 1009 596 1052 earum
618 989 760 1070 objecto;
777 993 809 1050 3⁰
829 991 867 1050 de
888 991 1038 1068 gradihus
1059 990 1113 1050 vel

181 1105 282 1164 modis
299 1101 412 1181 quibus
424 1099 618 1178 infliguntur.

370 1251 380 1302 ς
394 1255 410 1292 1.
425 1261 455 1292 ns
468 1259 597 1293 rouuuuuu
611 1257 841 1292 nocuusrmrrcuann
855 1257 919 1290 niun.

219 1374 269 1436 lll.
281 1376 359 1436 Cum
372 1372 442 1434 finis
453 1371 669 1433 ecclesiasticae
682 1372 838 1433 societatis
849 1371 889 1432 sit
900 1372 970 1432 linis
980 1370 1125 1433 ultimus.

181 1469 311 1548 quinon
327 1469 449 1527 tantum
471 1465 615 1542 proprius
636 1468 683 1525 est
700 1465 795 1525 totius
810 1464 1035 1541 univcrsitatis,
1053 1465 1109 1524 sed

181 1561 275 1623 etiam
298 1559 504 1638 singulorum,
528 1557 667 1617 Ecclesia
688 1557 732 1618 ita
751 1557 879 1636 suscipit
898 1557 1109 1618 univcrsitatis

176 1672 290 1720 ,curam
301 1657 335 1713 ut
343 1656 449 1713 tamen
461 1655 491 1711 et
500 1640 695 1730 singulorum
704 1649 797 1724 etiam
805 1649 930 1711 habeat.
938 1652 1109 1728 Propterea

180 1747 251 1806 linis
284 1740 526 1824 infligendarum
559 1759 725 1821 poenarum
758 1742 789 1802 in
810 1739 950 1803 Ecclesia
976 1747 1109 1802 nonest

180 1842 302 1899 tantum
316 1837 434 1897 bonum
447 1854 623 1912 commune,
636 1853 749 1914 nempe
757 1835 875 1896 bouum
883 1835 1105 1911 universitatis,

180 1930 357 2007 exemplum
366 1932 551 1990 caeterorum
562 1929 614 2008 qui
627 1928 735 1990 vident
752 1928 984 2008 delinquentem
998 1945 1108 2007 poenos

179 2024 276 2099 luere,
292 2021 348 2082 sed
363 2020 477 2098 ctiam,
494 2024 529 2082 ut
548 2020 573 2080 si
588 2021 696 2100 possit,
708 2039 798 2081 reum
811 2021 957 2100 emendet
972 2021 1022 2082 vel
1038 2039 1107 2080 cor-

179 2115 271 2194 rigat.
960 2113 964 2118 ’

219 2210 260 2270 Ut
281 2210 386 2267 autem
406 2205 584 2286 hujusmodi
604 2208 699 2267 finem
721 2207 870 2284 obtineat,
884 2206 978 2290 variis
995 2206 1106 2266 mediis

179 2297 294 2372 utitur3
323 2299 416 2359 modo
443 2298 658 2378 gravioribus,
683 2299 777 2361 modo
801 2299 978 2361 mitioribus
1004 2298 1105 2378 poenis

178 2392 394 2471 delinquentes
408 2391 504 2453 afficit
517 2411 574 2471 pro
589 2393 678 2453 varia
689 2393 793 2454 delicti
809 2392 973 2472 gravitate.
994 2392 1102 2454 Unde:

218 2487 248 2545 l⁰
267 2485 406 2545 Ecclesia
420 2484 477 2544 sihi
493 2485 639 2564 proponit
650 2485 876 2546 emendationem
890 2485 935 2546 rei
957 2489 988 2546 et
1003 2485 1106 2565 espic-

178 2578 284 2637 tionem
304 2576 419 2654 delicti,
437 2577 544 2637 sicam
558 2582 660 2656 potest
673 2578 832 2652 obtinere;
856 2578 939 2657 quod
958 2583 1106 2657 procurat

177 2688 233 2749 per
252 2670 404 2749 quasdam
427 2671 512 2732 leves
533 2670 753 2750 castigationes
773 2670 885 2750 quibus
905 2689 976 2731 reus
998 2671 1104 2731 dolore

177 2781 305 2822 suorum
333 2762 517 2822 delictorum
539 2767 642 2823 motus
662 2763 836 2824 voluntarie
863 2768 894 2825 et
915 2765 1049 2824 libenter
1071 2783 1104 2824 sc
1186 2761 1189 2767 ’

176 2854 301 2934 subjicit
311 2858 345 2915 ut
355 2854 599 2934 divinaejustitiae
611 2874 667 2933 pro
675 2856 913 2918 meritisllhristi
922 2855 1101 2918 satisfaciat.

176 2946 361 3028 Hujusmodi
382 2947 619 3026 castigationem
645 2948 771 3009 directae
791 2949 832 3008 ad
854 2949 1105 3010 emendationem

175 3042 231 3117 rei,
245 3042 285 3101 ad
300 3041 510 3120 expiationem
520 3041 636 3118 delicti,
649 3041 741 3102 dictae
757 3045 831 3102 sunt
840 3043 1032 3122 poenitentiae.

214 3139 246 3193 2⁰
265 3135 354 3206 Quod
369 3135 393 3194 si
409 3153 480 3195 reus
494 3134 709 3212 poenitentiam
726 3135 870 3196 deflectat
887 3137 962 3197 etin
977 3156 1033 3197 suo
1047 3136 1104 3196 cri·

175 3225 258 3284 minc
269 3228 416 3303 pervicax
426 3228 650 3306 induratusque
662 3227 783 3305 existat,
794 3231 868 3290 tunc
876 3229 1024 3306 Ecclesia,
1034 3247 1103 3309 quae

176 3335 238 3377 non
253 3322 355 3396 potest
367 3320 483 3380 directe
498 3339 555 3399 per
569 3321 785 3399 poenitentiam
800 3321 940 3383 obtinere
956 3322 1104 3383 emenda-

174 3410 292 3470 tionem
311 3410 355 3470 rei
373 3412 424 3472 vel
443 3412 652 3491 expiationem
674 3413 790 3490 delicti,
814 3414 855 3473 ad
875 3415 951 3496 alias
971 3415 1104 3476 recurrit

175 3519 285 3592 poenas
305 3503 346 3570 ad
367 3502 427 3568 hoc
453 3508 490 3574 ut
514 3505 698 3589 delinquens
726 3506 933 3590 concutiatur,
958 3509 1102 3594 illiusque
