2546 4016
184 253 241 317 l36
391 267 618 317 rnsnrurronss
639 271 721 318 rents
743 273 897 322 oenomai.

224 412 269 473 Ex
290 416 322 474 2⁰
341 413 435 474 modo
457 413 683 492 interpretandi
699 417 838 478 nascitur
851 417 905 478 illa
917 436 988 498 quae
999 417 1115 480 dicitnr

184 505 341 581 extensive,
359 524 429 585 quae
449 525 562 586 nempe
580 511 627 569 est
642 509 786 588 quaedam
798 509 877 591 juris
892 511 1056 590 productio
1072 512 1113 572 ad

184 618 291 660 casum
308 600 358 660 vel
378 615 545 679 personam
560 619 642 680 quae,
665 601 808 664 licetsub
827 603 931 665 littera
956 604 1034 684 legis
1050 623 1113 666 non

183 692 390 769 contineatur,
422 693 460 753 de
487 692 658 755 intentione
686 695 765 776 legis
788 700 894 758 tamen
919 701 976 774 est,
1001 701 1035 758 ut
1054 699 1112 758 sun

184 785 373 865 obligatione
403 785 469 866 ejus
491 787 776 865 comprehendatur
796 809 803 850 :
821 793 869 850 est
889 808 963 869 ergo
979 790 1113 871 qaedam

185 878 256 959 lepra
260 879 418 959 productio
432 879 466 940 od
478 879 641 959 paritatem
654 881 701 942 cel
710 881 930 942 similitudinem
943 882 1116 943 rationded

182 991 280 1034 carent
295 973 341 1033 cel
348 991 501 1053 pesonam
512 990 577 1053 quie
588 972 640 1033 aab
653 973 724 1053 lepis
739 973 904 1034 litterarior
916 975 1090 1037 continetur.

224 1067 269 1126 Ex
290 1065 398 1126 ultimo
413 1065 506 1126 modo
522 1065 759 1144 interpretandi,
777 1068 915 1128 nascitur
925 1067 1113 1146 interpreta-

182 1159 225 1220 tio
243 1177 313 1239 quae
333 1158 447 1220 dicitur
463 1158 639 1233 restrictiva,
662 1178 731 1239 quae
749 1160 915 1239 dupliciter
933 1163 1035 1239 potest
1047 1180 1113 1221 res-

182 1253 337 1331 tringere,
364 1269 477 1330 nempe
496 1252 546 1312 vel
567 1252 737 1331 improprie
757 1256 788 1314 et
801 1253 957 1333 negative,
981 1254 1112 1333 velpre-

181 1345 248 1425 prie
281 1349 312 1406 et
328 1344 470 1424 positive.
503 1343 670 1426 Improprie
692 1345 806 1407 dicitur
830 1345 1016 1423 restrictiva,
1042 1365 1112 1426 quae

182 1438 374 1501 extensivam
394 1438 683 1517 interpretationem
697 1439 854 1517 prohibet,
872 1458 927 1500 seu
941 1439 977 1498 in
994 1457 1031 1500 eo
1045 1444 1112 1500 tan·

182 1533 250 1596 tum
265 1530 424 1611 restringit
438 1536 591 1610 quatenus
606 1530 751 1610 prohibet
772 1532 907 1592 extendi.
926 1532 988 1593 Sed
990 1533 1114 1613 proprie

180 1630 213 1688 et
222 1625 348 1707 positive
371 1624 494 1700 dieitur,
518 1609 643 1704 qnarido
666 1623 745 1703 legis
766 1625 952 1685 sententiam
974 1629 1113 1688 coarctat

179 1720 282 1798 magis
305 1736 399 1798 quam
426 1719 523 1778 verba
543 1718 675 1791 vellent;
702 1721 749 1778 est
776 1735 851 1796 ergo
876 1719 1022 1797 quaedam
1033 1718 1113 1799 juris

182 1812 334 1891 exceptio,
352 1812 460 1872 favore
473 1809 636 1890 cujusdam
646 1829 737 1871 casus
744 1811 795 1871 vel
807 1829 960 1889 personae,
969 1811 1110 1887 inducta,

182 1924 268 1984 quae,
295 1904 368 1964 licet
389 1903 447 1962 sub
468 1902 573 1962 littera
592 1902 671 1980 legis
693 1903 905 1979 contineatur,
925 1904 964 1964 de
990 1904 1112 1966 ratione

181 2002 286 2059 tamen
310 1994 389 2074 legis
413 1998 542 2056 nonest
563 1997 597 2055 ut
624 1995 706 2055 illius
730 1995 920 2074 obligatione
934 1999 1109 2057 teneamur.
1138 2007 1140 2012 '
1269 2013 1270 2020 ¹

181 2088 366 2169 Hujusmodi
388 2086 493 2148 vocari
516 2086 610 2148 etiam
640 2088 719 2149 solet
732 2087 871 2168 Epitreio,
898 2107 953 2148 seu
966 2088 1110 2169 nequitae,

181 2186 335 2262 quatenus
365 2184 412 2242 est
439 2201 445 2241 :
471 2180 594 2259 deniqne
621 2180 754 2261 quaedem
777 2181 860 2261 jeria
890 2181 1113 2261 interpretatio;

181 2274 360 2354 aequitatem
374 2273 476 2352 potius
488 2272 593 2350 prodit
607 2291 701 2353 quam
716 2275 857 2334 strictum
866 2274 928 2354 jus.

219 2369 270 2427 Ill.
295 2367 340 2426 Ex
360 2365 498 2445 hisquae
518 2365 630 2444 inhoc
644 2366 746 2445 capite
766 2366 941 2445 prcoemieli
961 2365 1110 2427 delibavi-

179 2479 260 2536 mus,
283 2459 498 2538 unusquisque
529 2458 634 2520 statim
661 2459 808 2538 colligere
842 2459 956 2538 poterit
979 2474 1110 2537 scopum

179 2552 372 2614 tractationis
396 2556 509 2612 nostrae
527 2571 534 2612 :
552 2551 603 2612 hio
626 2570 688 2612 non
712 2552 834 2632 agimus
858 2552 897 2612 de
930 2551 1110 2613 authentica

179 2647 229 2708 vel
244 2645 354 2721 usuali,
370 2644 422 2704 vel
429 2643 570 2723 judiciali
583 2643 851 2723 interpretatione,
868 2645 924 2706 sed
937 2647 1059 2706 tantum
1070 2644 1109 2704 de

179 2737 362 2813 doctrinali,
387 2735 475 2817 cujus
501 2737 689 2815 peragendae
710 2738 841 2798 facultas
860 2737 940 2818 juris
964 2736 1109 2799 studiosis

177 2830 371 2892 conceditur.
790 2823 792 2828 ’

218 2927 292 2985 Haee
307 2926 412 2984 autem
425 2922 604 2984 doctrinalis
619 2923 834 3002 interpretatio
854 2924 1018 2984 arbitraris
1041 2923 1108 2984 fieri

178 3037 240 3080 non
248 3020 365 3097 potest3
383 3017 438 3077 sed
454 3034 501 3092 ea,
513 3017 563 3077 vel
573 3034 651 3094 pure
662 3016 863 3093 declarativa,
875 3017 926 3077 vel
936 3017 1106 3092 extensive,

176 3113 226 3172 vel
247 3110 436 3187 restrictiva,
458 3113 545 3170 certa
559 3109 655 3171 habet
663 3109 816 3190 principia
831 3110 945 3190 quibus
957 3109 1027 3188 ipsa
1040 3113 1108 3170 tan·

178 3219 273 3282 quam
286 3203 402 3282 regulis
415 3203 619 3281 gubernatur,
637 3205 723 3264 certa
740 3203 836 3265 habet
850 3204 919 3264 loca
931 3222 986 3263 seu
999 3202 1106 3282 fortes,

176 3296 260 3357 unde
280 3300 466 3374 argumenta
484 3300 550 3358 tuto
571 3296 689 3356 hauriri
705 3301 844 3375 possunt,
862 3314 951 3357 suam
972 3295 1106 3374 denique

176 3389 273 3450 hahet
292 3388 458 3449 methodum.
473 3407 536 3468 qua
547 3388 579 3448 in
591 3389 705 3450 scholis
721 3389 899 3468 peragitur.
916 3391 998 3468 Ergo
1012 3388 1106 3468 hujus

176 3481 370 3543 tractationis
398 3499 471 3560 pars
498 3481 559 3543 tria
578 3481 681 3560 capita
703 3481 935 3559 compleot'tur,
952 3499 1103 3560 quorum,
