2546 4016
158 244 215 308 ue
367 261 594 308 rusrrrurmuos
615 261 697 309 euers
719 261 873 308 aaronica

199 404 280 484 (Hae
297 403 336 464 de
357 422 390 464 re
408 405 541 466 multum
561 404 702 467 utilitatis
726 405 867 465 conferre
887 406 989 482 potest
1007 404 1090 465 eele-

158 496 330 559 herrimum
350 515 429 575 opus
451 497 552 559 Caroli
575 500 740 576 Duoange,
761 497 846 576 quod
861 499 954 558 voeat
974 495 1055 560 Gloss
1074 533 1089 542 -

158 590 236 650 rrum
253 588 357 650 natta
372 596 400 650 et
415 589 526 670 infima
546 589 728 668 latinitatis.)
744 590 793 651 Ad
810 590 870 650 hoe
885 593 1005 669 speetat
1019 589 1088 652 haee

158 682 284 761 regula,
306 701 332 743 c.
348 686 383 759 8,
400 682 435 743 ele
450 682 528 744 verb.
545 683 672 764 siqnifia.
686 701 698 743 ,·
712 681 780 742 Non
794 682 912 744 nubum
931 701 969 744 ea
985 683 1085 760 uerbo,

157 774 209 836 sed
230 793 342 838 sensum
365 795 403 836 en
425 795 507 836 sensa
532 775 708 856 transferri,
732 775 803 856 quia
821 775 996 856 plerumque
1019 775 1088 836 dune

153 867 322 947 proprietas
348 861 500 930 uerborum
522 867 700 942 attenditur,
722 887 818 928 sensus
844 868 977 930 ueritates
1000 869 1089 930 arnit-

159 961 244 1022 titur.

199 1055 280 1115 Vlll.
296 1057 353 1113 lum
367 1053 481 1116 Theor.
507 1052 641 1114 Voluntas
666 1052 841 1132 legislatoris
863 1054 988 1116 relativa
1000 1073 1088 1134 ,prce-

158 1145 285 1207 sumitur
299 1153 474 1226 temporum,
497 1146 623 1207 locorum
639 1155 668 1207 et
682 1165 873 1227 personarunt
892 1147 1039 1228 adjunctis
1058 1147 1089 1206 in

159 1237 263 1320 qulbus
277 1238 325 1298 len
339 1238 418 1299 edita
431 1247 483 1301 est.

164 1372 166 1377 -
205 1331 294 1392 Ratio
318 1335 364 1394 est
388 1332 462 1412 quia
485 1333 534 1394 hee
557 1333 799 1396 eireumstantiee
825 1335 951 1396 fuerunt
972 1333 1090 1395 motiva

161 1442 231 1504 qum
244 1424 436 1504 legislatoris
451 1426 645 1487 volunt-atem
664 1426 705 1487 ad
723 1426 827 1505 legem
845 1427 1021 1488 faciendam
1034 1426 1089 1488 de-

160 1517 379 1580 terminarunt.
394 1518 483 1582 Unde
499 1519 640 1598 sequitur
654 1518 714 1580 hoo
728 1520 947 1581 corollarium:

202 1611 291 1684 Quod
310 1611 442 1674 historia
460 1616 638 1691 temporum
658 1611 819 1693 interpreti
839 1613 1014 1674 necessaria
1033 1613 1087 1690 sit,

161 1708 196 1766 ut
210 1707 276 1766 tuto
295 1705 399 1766 valeat
419 1724 546 1766 sensum
569 1705 676 1784 legum
695 1704 745 1766 vel
766 1723 921 1766 canonum
942 1706 1090 1768 determi-

161 1815 249 1873 nare,
264 1797 419 1876 siquidem
434 1798 521 1858 nulla
535 1798 584 1858 lex
597 1817 617 1858 a
632 1797 728 1877 priori
743 1801 774 1858 et
787 1798 819 1858 in
834 1793 989 1860 abstracto
1004 1799 1090 1877 apud

162 1889 304 1950 homines
329 1890 413 1950 faeta
439 1893 505 1964 est3
534 1890 589 1950 sed
619 1909 727 1952 omnes
754 1893 930 1970 temporum
956 1891 1090 1952 oiroum-

161 1981 282 2043 stantiis
297 1981 368 2042 latae
384 1986 465 2043 sunt.

201 2074 290 2136 'Unde
306 2073 374 2136 haee
388 2076 499 2154 regula
513 2076 555 2155 (a.
572 2079 608 2152 6,
623 2075 658 2137 cle
672 2076 823 2138 uerborum
838 2077 1066 2159 aprificatione)
1082 2098 1088 2140 :

161 2165 362 2247 Intellipentia
376 2167 520 2229 dictarunt
534 2188 571 2230 ea
585 2170 678 2230 causis
691 2177 733 2230 ast
746 2171 913 2232 assumenda
926 2189 938 2232 :
952 2171 1093 2252 quianon

161 2260 288 2321 serrnoni
299 2277 359 2336 res,
375 2260 427 2320 sed
436 2261 482 2321 rei
494 2268 535 2322 est
548 2280 640 2322 sermo
654 2263 807 2343 subjectus.

202 2354 254 2414 IX.
272 2355 327 2413 5ΙΙιῃ
341 2354 455 2415 Theor.
481 2353 616 2416 Voluntas
631 2355 805 2436 lrplslatorls
820 2357 887 2416 talis
897 2356 1093 2436 presumitur

162 2445 276 2526 qualern
290 2465 352 2507 eam
370 2446 486 2508 aalllet
500 2447 620 2510 inducta
633 2448 787 2510 secandam
804 2449 896 2528 lepern
908 2449 1090 2510 eomuatudo.

203 2539 292 2602 Ratio
314 2543 361 2602 est
378 2541 452 2620 quia
468 2541 560 2620 primi
578 2543 631 2622 qui
649 2543 753 2622 legem
771 2543 802 2602 in
818 2543 938 2621 praxim
959 2543 1094 2604 reduxe-

164 2636 247 2711 runt,
265 2634 412 2695 oensendi
425 2638 498 2695 sunt
512 2635 623 2696 melius
636 2653 700 2714 prae
717 2635 836 2696 oeeteris
850 2636 987 2714 potuisse
1002 2636 1092 2715 legis-

163 2725 271 2787 latoris
281 2730 419 2788 mentem
432 2745 630 2806 oognoseere.
641 2731 709 2789 Non
720 2731 825 2790 autem
834 2729 981 2806 praesumi
991 2731 1094 2807 potest

133 2833 136 2839 ’
163 2817 373 2900 legislatorem
395 2819 485 2880 facile
507 2820 687 2898 permisisse
709 2822 967 2883 consuetudinem
988 2821 1093 2884 induci

164 2909 300 2991 propriae
315 2912 468 2973 voluntati
484 2914 684 2974 contrariam.
700 2914 788 2976 Unde

207 3003 413 3066 corollarium.
431 3006 514 3084 Ergo
535 3006 602 3066 dari
620 3024 682 3068 non
697 3009 800 3084 potest
818 3007 914 3068 tutior
927 3007 1037 3086 regula
1054 3006 1094 3068 ad

164 3091 436 3178 interpretandam
447 3099 550 3178 legem
563 3118 657 3179 quam
670 3117 795 3161 morum
806 3099 956 3180 inspectio
969 3100 1094 3161 illorum

166 3191 219 3270 qui
244 3193 348 3270 legem
376 3192 477 3271 ipsam
505 3193 721 3254 observarunt.
751 3193 839 3254 Unde
866 3193 933 3254 haee
959 3193 1091 3272 regula:

166 3283 277 3363 optima
296 3285 391 3365 lopun
412 3285 555 3366 interpres
576 3293 618 3347 est
635 3285 821 3361 consuetudo,
843 3304 938 3365 quam
961 3285 1093 3365 legimus

167 3394 194 3438 c.
209 3379 238 3453 8,
256 3374 296 3435 de
310 3379 545 3442 consuetudine.

207 3471 281 3532 Haeo
295 3472 368 3532 sunt
381 3471 543 3549 potissima
556 3473 763 3550 theoremata,
776 3489 845 3553 quae
860 3471 1010 3535 inservire
1025 3489 1094 3552 pos·
