<?xml version="1.0" encoding="UTF-8"?>
<!DOCTYPE html PUBLIC "-//W3C//DTD XHTML 1.0 Transitional//EN"
    "http://www.w3.org/TR/xhtml1/DTD/xhtml1-transitional.dtd">
<html xmlns="http://www.w3.org/1999/xhtml" xml:lang="en" lang="en">
 <head>
  <title>
</title>
<meta http-equiv="Content-Type" content="text/html;charset=utf-8" />
  <meta name='ocr-system' content='tesseract 3.04.00' />
  <meta name='ocr-capabilities' content='ocr_page ocr_carea ocr_par ocr_line ocrx_word'/>
</head>
<body>
  <div class='ocr_page' id='page_1' title='image "./institutionesju02marigoog_0097.png"; bbox 0 0 2546 4016; ppageno 0'>
   <div class='ocr_carea' id='block_1_1' title="bbox 169 247 887 316">
    <p class='ocr_par' dir='ltr' id='par_1_1' title="bbox 169 247 887 316">
     <span class='ocr_line' id='line_1_1' title="bbox 169 247 887 316; baseline 0.003 -7"><span class='ocrx_word' id='word_1_1' title='bbox 169 247 210 316; x_wconf 70' lang='lat' dir='ltr'><strong>et</strong></span> <span class='ocrx_word' id='word_1_2' title='bbox 380 260 609 312; x_wconf 75' lang='lat' dir='ltr'><strong>rosrrwrroras</strong></span> <span class='ocrx_word' id='word_1_3' title='bbox 629 263 712 310; x_wconf 81' lang='lat' dir='ltr'><strong>roris</strong></span> <span class='ocrx_word' id='word_1_4' title='bbox 733 253 887 312; x_wconf 65' lang='lat' dir='ltr'><strong>oenomai.</strong></span> 
     </span>
    </p>
   </div>
   <div class='ocr_carea' id='block_1_2' title="bbox 126 405 1103 3177">
    <p class='ocr_par' dir='ltr' id='par_1_2' title="bbox 126 405 1103 948">
     <span class='ocr_line' id='line_1_2' title="bbox 126 405 1103 487; baseline -0.006 -13"><span class='ocrx_word' id='word_1_5' title='bbox 126 469 128 474; x_wconf 90' lang='lat'><em>.</em></span> <span class='ocrx_word' id='word_1_6' title='bbox 172 405 284 483; x_wconf 75' lang='lat' dir='ltr'><strong>allatis,</strong></span> <span class='ocrx_word' id='word_1_7' title='bbox 314 405 439 470; x_wconf 84' lang='lat' dir='ltr'><strong>videtur</strong></span> <span class='ocrx_word' id='word_1_8' title='bbox 460 407 673 486; x_wconf 82' lang='lat' dir='ltr'><strong>eomposnisse</strong></span> <span class='ocrx_word' id='word_1_9' title='bbox 697 407 867 487; x_wconf 82' lang='lat' dir='ltr'><strong>qnamdam</strong></span> <span class='ocrx_word' id='word_1_10' title='bbox 885 407 1103 468; x_wconf 84' lang='lat' dir='ltr'><strong>eolleetionem</strong></span> 
     </span>
     <span class='ocr_line' id='line_1_3' title="bbox 171 498 1103 578; baseline -0.004 -14"><span class='ocrx_word' id='word_1_11' title='bbox 171 517 339 574; x_wconf 71' lang='lat' dir='ltr'><strong>senonum,</strong></span> <span class='ocrx_word' id='word_1_12' title='bbox 361 515 430 578; x_wconf 71' lang='lat' dir='ltr'><strong>qua</strong></span> <span class='ocrx_word' id='word_1_13' title='bbox 454 498 539 562; x_wconf 86' lang='lat' dir='ltr'><strong>edita</strong></span> <span class='ocrx_word' id='word_1_14' title='bbox 553 499 612 562; x_wconf 79' lang='lat' dir='ltr'><strong>fuir</strong></span> <span class='ocrx_word' id='word_1_15' title='bbox 629 500 715 562; x_wconf 85' lang='lat' dir='ltr'><strong>eirea</strong></span> <span class='ocrx_word' id='word_1_16' title='bbox 732 502 828 562; x_wconf 82' lang='lat' dir='ltr'><strong>finem</strong></span> <span class='ocrx_word' id='word_1_17' title='bbox 844 499 951 562; x_wconf 82' lang='lat' dir='ltr'><strong>saeeuli</strong></span> <span class='ocrx_word' id='word_1_18' title='bbox 967 502 1004 562; x_wconf 80' lang='lat' dir='ltr'><strong>V.</strong></span> <span class='ocrx_word' id='word_1_19' title='bbox 1027 503 1103 561; x_wconf 73' lang='lat' dir='ltr'><strong>liare</strong></span> 
     </span>
     <span class='ocr_line' id='line_1_4' title="bbox 172 592 1102 658; baseline -0.002 -2"><span class='ocrx_word' id='word_1_20' title='bbox 172 592 335 658; x_wconf 78' lang='lat' dir='ltr'><strong>eonatabet</strong></span> <span class='ocrx_word' id='word_1_21' title='bbox 347 594 404 654; x_wconf 56' lang='grc' dir='ltr'><strong>ΞΟΠ</strong></span> <span class='ocrx_word' id='word_1_22' title='bbox 420 592 594 654; x_wconf 82' lang='lat' dir='ltr'><strong>eanonihns</strong></span> <span class='ocrx_word' id='word_1_23' title='bbox 604 593 764 656; x_wconf 76' lang='lat' dir='ltr'><strong>rariorum</strong></span> <span class='ocrx_word' id='word_1_24' title='bbox 781 593 987 657; x_wconf 77' lang='lat' dir='ltr'><strong>oonsiliorum</strong></span> <span class='ocrx_word' id='word_1_25' title='bbox 999 593 1102 654; x_wconf 87' lang='lat' dir='ltr'><strong>orian-</strong></span> 
     </span>
     <span class='ocr_line' id='line_1_5' title="bbox 171 685 1099 764; baseline 0 -18"><span class='ocrx_word' id='word_1_26' title='bbox 171 685 291 760; x_wconf 85' lang='lat' dir='ltr'><strong>talium,</strong></span> <span class='ocrx_word' id='word_1_27' title='bbox 319 704 453 763; x_wconf 88' lang='lat' dir='ltr'><strong>nempe:</strong></span> <span class='ocrx_word' id='word_1_28' title='bbox 478 686 606 761; x_wconf 87' lang='lat' dir='ltr'><strong>Nieaeni,</strong></span> <span class='ocrx_word' id='word_1_29' title='bbox 623 685 794 764; x_wconf 77' lang='lat' dir='ltr'><strong>Aneyram,</strong></span> <span class='ocrx_word' id='word_1_30' title='bbox 819 685 1099 761; x_wconf 81' lang='lat' dir='ltr'><strong>Neo-essariensis,</strong></span> 
     </span>
     <span class='ocr_line' id='line_1_6' title="bbox 172 777 1101 857; baseline -0.003 -15"><span class='ocrx_word' id='word_1_31' title='bbox 172 777 370 857; x_wconf 68' lang='lat' dir='ltr'><strong>Gangrensia</strong></span> <span class='ocrx_word' id='word_1_32' title='bbox 394 778 591 856; x_wconf 64' lang='lat' dir='ltr'><strong>ontinenam,</strong></span> <span class='ocrx_word' id='word_1_33' title='bbox 615 779 825 856; x_wconf 82' lang='lat' dir='ltr'><strong>Laodieensis,</strong></span> <span class='ocrx_word' id='word_1_34' title='bbox 842 778 1101 857; x_wconf 81' lang='lat' dir='ltr'><strong>Constantinopo-</strong></span> 
     </span>
     <span class='ocr_line' id='line_1_7' title="bbox 170 871 615 948; baseline -0.002 -14"><span class='ocrx_word' id='word_1_35' title='bbox 170 871 259 936; x_wconf 81' lang='lat' dir='ltr'><strong>litaoi</strong></span> <span class='ocrx_word' id='word_1_36' title='bbox 270 871 615 948; x_wconf 83' lang='lat' dir='ltr'><strong>l,etGl1aloodonensia</strong></span> 
     </span>
    </p>

    <p class='ocr_par' dir='ltr' id='par_1_3' title="bbox 170 963 1102 1399">
     <span class='ocr_line' id='line_1_8' title="bbox 212 963 1102 1046; baseline -0.004 -20"><span class='ocrx_word' id='word_1_37' title='bbox 212 967 330 1028; x_wconf 69' lang='lat' dir='ltr'><strong>Prata</strong></span> <span class='ocrx_word' id='word_1_38' title='bbox 355 964 534 1046; x_wconf 77' lang='lat' dir='ltr'><strong>hujusmodi</strong></span> <span class='ocrx_word' id='word_1_39' title='bbox 563 968 621 1026; x_wconf 72' lang='lat'><strong>207</strong></span> <span class='ocrx_word' id='word_1_40' title='bbox 653 983 800 1042; x_wconf 83' lang='lat' dir='ltr'><strong>oenones,</strong></span> <span class='ocrx_word' id='word_1_41' title='bbox 827 963 879 1044; x_wconf 86' lang='lat' dir='ltr'><strong>qni</strong></span> <span class='ocrx_word' id='word_1_42' title='bbox 900 963 1102 1041; x_wconf 84' lang='lat' dir='ltr'><strong>reperiuntur</strong></span> 
     </span>
     <span class='ocr_line' id='line_1_9' title="bbox 171 1056 1101 1138; baseline -0.004 -18"><span class='ocrx_word' id='word_1_43' title='bbox 171 1059 266 1120; x_wconf 83' lang='lat' dir='ltr'><strong>etiam</strong></span> <span class='ocrx_word' id='word_1_44' title='bbox 287 1056 320 1120; x_wconf 92' lang='lat' dir='ltr'><strong>in</strong></span> <span class='ocrx_word' id='word_1_45' title='bbox 334 1058 395 1120; x_wconf 87' lang='lat' dir='ltr'><strong>alia</strong></span> <span class='ocrx_word' id='word_1_46' title='bbox 408 1059 589 1121; x_wconf 83' lang='lat' dir='ltr'><strong>oollaatione</strong></span> <span class='ocrx_word' id='word_1_47' title='bbox 604 1075 700 1138; x_wconf 84' lang='lat' dir='ltr'><strong>quam</strong></span> <span class='ocrx_word' id='word_1_48' title='bbox 712 1056 810 1120; x_wconf 79' lang='lat' dir='ltr'><strong>edidit</strong></span> <span class='ocrx_word' id='word_1_49' title='bbox 822 1057 933 1118; x_wconf 83' lang='lat' dir='ltr'><strong>Ghn&#39;at.</strong></span> <span class='ocrx_word' id='word_1_50' title='bbox 951 1057 1101 1118; x_wconf 79' lang='lat' dir='ltr'><strong>instellus</strong></span> 
     </span>
     <span class='ocr_line' id='line_1_10' title="bbox 170 1143 1100 1228; baseline -0.001 -19"><span class='ocrx_word' id='word_1_51' title='bbox 170 1150 296 1210; x_wconf 88' lang='lat' dir='ltr'><strong>Parisiis</strong></span> <span class='ocrx_word' id='word_1_52' title='bbox 310 1167 391 1211; x_wconf 90' lang='lat' dir='ltr'><strong>anno</strong></span> <span class='ocrx_word' id='word_1_53' title='bbox 406 1153 492 1228; x_wconf 78' lang='lat'><strong>1610,</strong></span> <span class='ocrx_word' id='word_1_54' title='bbox 510 1152 567 1212; x_wconf 89' lang='lat' dir='ltr'><strong>suh</strong></span> <span class='ocrx_word' id='word_1_55' title='bbox 586 1151 675 1214; x_wconf 89' lang='lat' dir='ltr'><strong>titulo</strong></span> <span class='ocrx_word' id='word_1_56' title='bbox 690 1149 874 1212; x_wconf 80' lang='lat' dir='ltr'><strong>Collectioois</strong></span> <span class='ocrx_word' id='word_1_57' title='bbox 889 1143 1028 1210; x_wconf 77' lang='lat' dir='ltr'><strong>eoooonm</strong></span> <span class='ocrx_word' id='word_1_58' title='bbox 1039 1149 1100 1210; x_wconf 75' lang='lat' dir='ltr'><strong>Eo</strong></span> 
     </span>
     <span class='ocr_line' id='line_1_11' title="bbox 170 1240 1101 1324; baseline -0.002 -20"><span class='ocrx_word' id='word_1_59' title='bbox 170 1240 263 1304; x_wconf 75' lang='lat' dir='ltr'><strong>oleato</strong></span> <span class='ocrx_word' id='word_1_60' title='bbox 282 1242 464 1320; x_wconf 61' lang='lat' dir='ltr'><strong>namatio,</strong></span> <span class='ocrx_word' id='word_1_61' title='bbox 480 1261 550 1323; x_wconf 81' lang='lat' dir='ltr'><strong>qua</strong></span> <span class='ocrx_word' id='word_1_62' title='bbox 565 1263 604 1305; x_wconf 83' lang='lat' dir='ltr'><strong>ex</strong></span> <span class='ocrx_word' id='word_1_63' title='bbox 622 1242 851 1324; x_wconf 80' lang='lat' dir='ltr'><strong>antiquioribus</strong></span> <span class='ocrx_word' id='word_1_64' title='bbox 865 1241 1101 1304; x_wconf 86' lang='lat' dir='ltr'><strong>eollaetionibus</strong></span> 
     </span>
     <span class='ocr_line' id='line_1_12' title="bbox 170 1334 559 1399; baseline 0.005 -3"><span class='ocrx_word' id='word_1_65' title='bbox 170 1335 302 1396; x_wconf 81' lang='lat' dir='ltr'><strong>eollooio</strong></span> <span class='ocrx_word' id='word_1_66' title='bbox 317 1334 411 1395; x_wconf 83' lang='lat' dir='ltr'><strong>fuisse</strong></span> <span class='ocrx_word' id='word_1_67' title='bbox 423 1336 559 1399; x_wconf 87' lang='lat' dir='ltr'><strong>videtur.</strong></span> 
     </span>
    </p>

    <p class='ocr_par' dir='ltr' id='par_1_4' title="bbox 168 1427 1100 2154">
     <span class='ocr_line' id='line_1_13' title="bbox 210 1427 1100 1509; baseline -0.001 -21"><span class='ocrx_word' id='word_1_68' title='bbox 210 1427 302 1488; x_wconf 83' lang='lat' dir='ltr'><strong>Hisne</strong></span> <span class='ocrx_word' id='word_1_69' title='bbox 317 1427 489 1490; x_wconf 81' lang='lat' dir='ltr'><strong>senonibus</strong></span> <span class='ocrx_word' id='word_1_70' title='bbox 510 1429 626 1509; x_wconf 77' lang='lat' dir='ltr'><strong>adjecit</strong></span> <span class='ocrx_word' id='word_1_71' title='bbox 639 1429 705 1508; x_wconf 87' lang='lat' dir='ltr'><strong>ipse</strong></span> <span class='ocrx_word' id='word_1_72' title='bbox 734 1429 949 1490; x_wconf 77' lang='lat' dir='ltr'><strong>Theodoretus</strong></span> <span class='ocrx_word' id='word_1_73' title='bbox 964 1445 1100 1488; x_wconf 86' lang='lat' dir='ltr'><strong>oenones</strong></span> 
     </span>
     <span class='ocr_line' id='line_1_14' title="bbox 170 1515 1100 1598; baseline -0.001 -18"><span class='ocrx_word' id='word_1_74' title='bbox 170 1521 383 1598; x_wconf 88' lang='lat' dir='ltr'><strong>apostolorum</strong></span> <span class='ocrx_word' id='word_1_75' title='bbox 414 1524 445 1582; x_wconf 89' lang='lat' dir='ltr'><strong>et</strong></span> <span class='ocrx_word' id='word_1_76' title='bbox 472 1539 608 1582; x_wconf 80' lang='lat' dir='ltr'><strong>canones</strong></span> <span class='ocrx_word' id='word_1_77' title='bbox 635 1515 766 1582; x_wconf 42' lang='lat' dir='ltr'><strong>consilii*</strong></span> <span class='ocrx_word' id='word_1_78' title='bbox 788 1520 992 1583; x_wconf 70' lang='lat' dir='ltr'><strong>sardicensia.</strong></span> <span class='ocrx_word' id='word_1_79' title='bbox 1019 1522 1100 1580; x_wconf 78' lang='lat' dir='ltr'><strong>Nam</strong></span> 
     </span>
     <span class='ocr_line' id='line_1_15' title="bbox 169 1613 1100 1691; baseline -0.001 -18"><span class='ocrx_word' id='word_1_80' title='bbox 169 1613 242 1674; x_wconf 89' lang='lat' dir='ltr'><strong>lieet</strong></span> <span class='ocrx_word' id='word_1_81' title='bbox 256 1613 315 1675; x_wconf 89' lang='lat' dir='ltr'><strong>hoo</strong></span> <span class='ocrx_word' id='word_1_82' title='bbox 328 1613 493 1674; x_wconf 82' lang='lat' dir='ltr'><strong>eonsilium</strong></span> <span class='ocrx_word' id='word_1_83' title='bbox 509 1613 692 1675; x_wconf 78' lang='lat' dir='ltr'><strong>sardicense</strong></span> <span class='ocrx_word' id='word_1_84' title='bbox 702 1614 734 1674; x_wconf 92' lang='lat' dir='ltr'><strong>in</strong></span> <span class='ocrx_word' id='word_1_85' title='bbox 749 1613 882 1674; x_wconf 78' lang='lat' dir='ltr'><strong>Orientis</strong></span> <span class='ocrx_word' id='word_1_86' title='bbox 897 1613 1037 1691; x_wconf 86' lang='lat' dir='ltr'><strong>partibus</strong></span> <span class='ocrx_word' id='word_1_87' title='bbox 1048 1630 1100 1672; x_wconf 89' lang='lat' dir='ltr'><strong>ee-</strong></span> 
     </span>
     <span class='ocr_line' id='line_1_16' title="bbox 169 1704 1100 1786; baseline -0.002 -21"><span class='ocrx_word' id='word_1_88' title='bbox 169 1706 325 1767; x_wconf 88' lang='lat' dir='ltr'><strong>lehratum</strong></span> <span class='ocrx_word' id='word_1_89' title='bbox 339 1706 388 1783; x_wconf 88' lang='lat' dir='ltr'><strong>sit,</strong></span> <span class='ocrx_word' id='word_1_90' title='bbox 413 1711 444 1768; x_wconf 89' lang='lat' dir='ltr'><strong>et</strong></span> <span class='ocrx_word' id='word_1_91' title='bbox 468 1706 595 1786; x_wconf 86' lang='lat' dir='ltr'><strong>quidem</strong></span> <span class='ocrx_word' id='word_1_92' title='bbox 615 1706 709 1785; x_wconf 87' lang='lat' dir='ltr'><strong>paulo</strong></span> <span class='ocrx_word' id='word_1_93' title='bbox 731 1709 801 1784; x_wconf 89' lang='lat' dir='ltr'><strong>post</strong></span> <span class='ocrx_word' id='word_1_94' title='bbox 820 1705 986 1766; x_wconf 79' lang='lat' dir='ltr'><strong>concilium</strong></span> <span class='ocrx_word' id='word_1_95' title='bbox 1001 1704 1100 1764; x_wconf 88' lang='lat' dir='ltr'><strong>Nieae-</strong></span> 
     </span>
     <span class='ocr_line' id='line_1_17' title="bbox 169 1793 1099 1876; baseline -0.002 -18"><span class='ocrx_word' id='word_1_96' title='bbox 169 1817 255 1874; x_wconf 84' lang='lat' dir='ltr'><strong>num,</strong></span> <span class='ocrx_word' id='word_1_97' title='bbox 278 1801 416 1859; x_wconf 88' lang='lat' dir='ltr'><strong>attamen</strong></span> <span class='ocrx_word' id='word_1_98' title='bbox 438 1817 510 1867; x_wconf 87' lang='lat' dir='ltr'><strong>enm</strong></span> <span class='ocrx_word' id='word_1_99' title='bbox 528 1799 588 1864; x_wconf 83' lang='lat' dir='ltr'><strong>hoe</strong></span> <span class='ocrx_word' id='word_1_100' title='bbox 602 1798 768 1860; x_wconf 87' lang='lat' dir='ltr'><strong>ooneilinm</strong></span> <span class='ocrx_word' id='word_1_101' title='bbox 783 1793 979 1876; x_wconf 89' lang='lat' dir='ltr'><strong>potissimum</strong></span> <span class='ocrx_word' id='word_1_102' title='bbox 1004 1795 1099 1856; x_wconf 87' lang='lat' dir='ltr'><strong>fuerit</strong></span> 
     </span>
     <span class='ocr_line' id='line_1_18' title="bbox 169 1890 1098 1969; baseline -0.003 -18"><span class='ocrx_word' id='word_1_103' title='bbox 169 1891 347 1952; x_wconf 73' lang='lat' dir='ltr'><strong>absolutum</strong></span> <span class='ocrx_word' id='word_1_104' title='bbox 361 1891 401 1950; x_wconf 89' lang='lat' dir='ltr'><strong>ab</strong></span> <span class='ocrx_word' id='word_1_105' title='bbox 420 1890 574 1969; x_wconf 88' lang='lat' dir='ltr'><strong>episcopis</strong></span> <span class='ocrx_word' id='word_1_106' title='bbox 595 1891 781 1967; x_wconf 60' lang='lat' dir='ltr'><strong>Occidentis</strong></span> <span class='ocrx_word' id='word_1_107' title='bbox 808 1890 984 1950; x_wconf 84' lang='lat' dir='ltr'><strong>habebatur</strong></span> <span class='ocrx_word' id='word_1_108' title='bbox 1002 1907 1098 1968; x_wconf 90' lang='lat' dir='ltr'><strong>penes</strong></span> 
     </span>
     <span class='ocr_line' id='line_1_19' title="bbox 168 1981 1098 2061; baseline 0 -19"><span class='ocrx_word' id='word_1_109' title='bbox 168 1981 294 2042; x_wconf 88' lang='lat' dir='ltr'><strong>Latinos</strong></span> <span class='ocrx_word' id='word_1_110' title='bbox 311 1985 462 2061; x_wconf 75' lang='lat' dir='ltr'><strong>tanquam</strong></span> <span class='ocrx_word' id='word_1_111' title='bbox 476 1982 573 2061; x_wconf 84' lang='lat' dir='ltr'><strong>ipsius</strong></span> <span class='ocrx_word' id='word_1_112' title='bbox 587 1983 708 2046; x_wconf 86' lang='lat' dir='ltr'><strong>oonoilii</strong></span> <span class='ocrx_word' id='word_1_113' title='bbox 723 1983 840 2044; x_wconf 84' lang='lat' dir='ltr'><strong>Nieaeni</strong></span> <span class='ocrx_word' id='word_1_114' title='bbox 853 1981 1025 2061; x_wconf 78' lang='lat' dir='ltr'><strong>appendlx3</strong></span> <span class='ocrx_word' id='word_1_115' title='bbox 1042 1982 1098 2042; x_wconf 84' lang='lat' dir='ltr'><strong>aad</strong></span> 
     </span>
     <span class='ocr_line' id='line_1_20' title="bbox 168 2073 1060 2154; baseline 0.001 -20"><span class='ocrx_word' id='word_1_116' title='bbox 168 2073 249 2134; x_wconf 85' lang='lat' dir='ltr'><strong>illios</strong></span> <span class='ocrx_word' id='word_1_117' title='bbox 259 2091 395 2136; x_wconf 82' lang='lat' dir='ltr'><strong>canones</strong></span> <span class='ocrx_word' id='word_1_118' title='bbox 407 2093 503 2153; x_wconf 87' lang='lat' dir='ltr'><strong>penes</strong></span> <span class='ocrx_word' id='word_1_119' title='bbox 518 2076 690 2138; x_wconf 85' lang='lat' dir='ltr'><strong>Orientales</strong></span> <span class='ocrx_word' id='word_1_120' title='bbox 700 2094 763 2136; x_wconf 92' lang='lat' dir='ltr'><strong>non</strong></span> <span class='ocrx_word' id='word_1_121' title='bbox 773 2079 821 2136; x_wconf 87' lang='lat' dir='ltr'><strong>sat</strong></span> <span class='ocrx_word' id='word_1_122' title='bbox 831 2078 921 2140; x_wconf 85' lang='lat' dir='ltr'><strong>erant</strong></span> <span class='ocrx_word' id='word_1_123' title='bbox 930 2075 1060 2154; x_wconf 75' lang='lat' dir='ltr'><strong>vulgati.</strong></span> 
     </span>
    </p>

    <p class='ocr_par' dir='ltr' id='par_1_5' title="bbox 161 2155 1097 3177">
     <span class='ocr_line' id='line_1_21' title="bbox 209 2155 1097 2247; baseline -0.002 -18"><span class='ocrx_word' id='word_1_124' title='bbox 209 2167 271 2229; x_wconf 76' lang='lat' dir='ltr'><strong>Sed</strong></span> <span class='ocrx_word' id='word_1_125' title='bbox 290 2185 362 2228; x_wconf 87' lang='lat' dir='ltr'><strong>oum</strong></span> <span class='ocrx_word' id='word_1_126' title='bbox 381 2169 596 2231; x_wconf 70' lang='lat' dir='ltr'><strong>Theodoretus</strong></span> <span class='ocrx_word' id='word_1_127' title='bbox 619 2169 817 2247; x_wconf 83' lang='lat' dir='ltr'><strong>Cyrenensis,</strong></span> <span class='ocrx_word' id='word_1_128' title='bbox 843 2169 884 2230; x_wconf 91' lang='lat' dir='ltr'><strong>ob</strong></span> <span class='ocrx_word' id='word_1_129' title='bbox 908 2155 1097 2247; x_wconf 78' lang='lat' dir='ltr'><strong>quaestiones</strong></span> 
     </span>
     <span class='ocr_line' id='line_1_22' title="bbox 169 2260 1096 2340; baseline 0.001 -20"><span class='ocrx_word' id='word_1_130' title='bbox 169 2278 246 2340; x_wconf 85' lang='lat' dir='ltr'><strong>quas</strong></span> <span class='ocrx_word' id='word_1_131' title='bbox 260 2279 370 2338; x_wconf 86' lang='lat' dir='ltr'><strong>passus</strong></span> <span class='ocrx_word' id='word_1_132' title='bbox 383 2265 452 2322; x_wconf 89' lang='lat' dir='ltr'><strong>eret</strong></span> <span class='ocrx_word' id='word_1_133' title='bbox 462 2261 494 2320; x_wconf 90' lang='lat' dir='ltr'><strong>in</strong></span> <span class='ocrx_word' id='word_1_134' title='bbox 508 2261 630 2338; x_wconf 88' lang='lat' dir='ltr'><strong>synodo</strong></span> <span class='ocrx_word' id='word_1_135' title='bbox 645 2262 803 2339; x_wconf 79' lang='lat' dir='ltr'><strong>Ephesioa</strong></span> <span class='ocrx_word' id='word_1_136' title='bbox 816 2262 843 2322; x_wconf 87' lang='grc' dir='ltr'><strong>ΙΙ</strong></span> <span class='ocrx_word' id='word_1_137' title='bbox 860 2279 933 2322; x_wconf 90' lang='lat' dir='ltr'><strong>oum</strong></span> <span class='ocrx_word' id='word_1_138' title='bbox 947 2260 1096 2322; x_wconf 86' lang='lat' dir='ltr'><strong>Diosooro</strong></span> 
     </span>
     <span class='ocr_line' id='line_1_23' title="bbox 168 2353 1094 2434; baseline 0 -20"><span class='ocrx_word' id='word_1_139' title='bbox 168 2353 498 2434; x_wconf 58' lang='lat' dir='ltr'><strong>Alexandriamque</strong></span> <span class='ocrx_word' id='word_1_140' title='bbox 518 2355 659 2415; x_wconf 86' lang='lat' dir='ltr'><strong>fuerat&#39;a</strong></span> <span class='ocrx_word' id='word_1_141' title='bbox 670 2355 744 2414; x_wconf 86' lang='lat' dir='ltr'><strong>sede</strong></span> <span class='ocrx_word' id='word_1_142' title='bbox 759 2354 980 2434; x_wconf 84' lang='lat' dir='ltr'><strong>suadejeotus,</strong></span> <span class='ocrx_word' id='word_1_143' title='bbox 998 2354 1094 2414; x_wconf 83' lang='lat' dir='ltr'><strong>fretus</strong></span> 
     </span>
     <span class='ocr_line' id='line_1_24' title="bbox 168 2446 1096 2526; baseline -0.001 -19"><span class='ocrx_word' id='word_1_144' title='bbox 168 2446 338 2507; x_wconf 79' lang='lat' dir='ltr'><strong>senonibus</strong></span> <span class='ocrx_word' id='word_1_145' title='bbox 358 2447 593 2509; x_wconf 88' lang='lat' dir='ltr'><strong>Sardieensibns</strong></span> <span class='ocrx_word' id='word_1_146' title='bbox 614 2447 667 2526; x_wconf 88' lang='lat' dir='ltr'><strong>qui</strong></span> <span class='ocrx_word' id='word_1_147' title='bbox 690 2447 899 2508; x_wconf 73' lang='lat' dir='ltr'><strong>admittebant</strong></span> <span class='ocrx_word' id='word_1_148' title='bbox 915 2447 956 2507; x_wconf 87' lang='lat' dir='ltr'><strong>ad</strong></span> <span class='ocrx_word' id='word_1_149' title='bbox 980 2450 1096 2508; x_wconf 87' lang='lat' dir='ltr'><strong>Roma-</strong></span> 
     </span>
     <span class='ocr_line' id='line_1_25' title="bbox 167 2539 1095 2618; baseline -0.002 -18"><span class='ocrx_word' id='word_1_150' title='bbox 167 2557 243 2600; x_wconf 86' lang='lat' dir='ltr'><strong>num</strong></span> <span class='ocrx_word' id='word_1_151' title='bbox 265 2539 447 2601; x_wconf 81' lang='lat' dir='ltr'><strong>Pontificem</strong></span> <span class='ocrx_word' id='word_1_152' title='bbox 461 2540 696 2618; x_wconf 85' lang='lat' dir='ltr'><strong>appellationes,</strong></span> <span class='ocrx_word' id='word_1_153' title='bbox 708 2541 749 2600; x_wconf 88' lang='lat' dir='ltr'><strong>ad</strong></span> <span class='ocrx_word' id='word_1_154' title='bbox 761 2543 899 2601; x_wconf 85' lang='lat' dir='ltr'><strong>Leonem</strong></span> <span class='ocrx_word' id='word_1_155' title='bbox 911 2539 1095 2601; x_wconf 81' lang='lat' dir='ltr'><strong>Pontificem</strong></span> 
     </span>
     <span class='ocr_line' id='line_1_26' title="bbox 167 2632 1096 2712; baseline -0.002 -18"><span class='ocrx_word' id='word_1_156' title='bbox 167 2632 395 2711; x_wconf 86' lang='lat' dir='ltr'><strong>appellavisset,</strong></span> <span class='ocrx_word' id='word_1_157' title='bbox 422 2633 461 2693; x_wconf 87' lang='lat' dir='ltr'><strong>ab</strong></span> <span class='ocrx_word' id='word_1_158' title='bbox 481 2652 580 2712; x_wconf 88' lang='lat' dir='ltr'><strong>eoque</strong></span> <span class='ocrx_word' id='word_1_159' title='bbox 594 2633 703 2694; x_wconf 86' lang='lat' dir='ltr'><strong>fuisset</strong></span> <span class='ocrx_word' id='word_1_160' title='bbox 717 2633 749 2692; x_wconf 94' lang='lat' dir='ltr'><strong>in</strong></span> <span class='ocrx_word' id='word_1_161' title='bbox 769 2633 1023 2694; x_wconf 76' lang='lat' dir='ltr'><strong>communionem</strong></span> <span class='ocrx_word' id='word_1_162' title='bbox 1045 2651 1096 2692; x_wconf 85' lang='lat' dir='ltr'><strong>ra-</strong></span> 
     </span>
     <span class='ocr_line' id='line_1_27' title="bbox 167 2724 1096 2804; baseline -0.001 -18"><span class='ocrx_word' id='word_1_163' title='bbox 167 2729 275 2803; x_wconf 85' lang='lat' dir='ltr'><strong>oeptus</strong></span> <span class='ocrx_word' id='word_1_164' title='bbox 294 2726 368 2786; x_wconf 88' lang='lat' dir='ltr'><strong>etin</strong></span> <span class='ocrx_word' id='word_1_165' title='bbox 382 2724 489 2785; x_wconf 87' lang='lat' dir='ltr'><strong>sedem</strong></span> <span class='ocrx_word' id='word_1_166' title='bbox 502 2725 673 2802; x_wconf 66' lang='lat' dir='ltr'><strong>restitutus</strong></span> <span class='ocrx_word' id='word_1_167' title='bbox 688 2729 720 2787; x_wconf 84' lang='lat' dir='ltr'><strong>et</strong></span> <span class='ocrx_word' id='word_1_168' title='bbox 734 2725 862 2786; x_wconf 88' lang='lat' dir='ltr'><strong>demum</strong></span> <span class='ocrx_word' id='word_1_169' title='bbox 874 2725 1028 2804; x_wconf 84' lang='lat' dir='ltr'><strong>imperiali</strong></span> <span class='ocrx_word' id='word_1_170' title='bbox 1040 2725 1096 2786; x_wconf 87' lang='lat' dir='ltr'><strong>de-</strong></span> 
     </span>
     <span class='ocr_line' id='line_1_28' title="bbox 168 2816 1095 2899; baseline -0.001 -20"><span class='ocrx_word' id='word_1_171' title='bbox 168 2820 253 2879; x_wconf 86' lang='lat' dir='ltr'><strong>creto</strong></span> <span class='ocrx_word' id='word_1_172' title='bbox 278 2820 309 2877; x_wconf 92' lang='lat' dir='ltr'><strong>et</strong></span> <span class='ocrx_word' id='word_1_173' title='bbox 332 2816 461 2878; x_wconf 81' lang='lat' dir='ltr'><strong>oonsilio</strong></span> <span class='ocrx_word' id='word_1_174' title='bbox 480 2817 725 2879; x_wconf 69' lang='lat' dir='ltr'><strong>chalcedonensi</strong></span> <span class='ocrx_word' id='word_1_175' title='bbox 738 2819 959 2880; x_wconf 74' lang='lat' dir='ltr'><strong>irreformabili</strong></span> <span class='ocrx_word' id='word_1_176' title='bbox 976 2817 1095 2899; x_wconf 87' lang='lat' dir='ltr'><strong>judiale</strong></span> 
     </span>
     <span class='ocr_line' id='line_1_29' title="bbox 167 2909 1094 2990; baseline 0.001 -19"><span class='ocrx_word' id='word_1_177' title='bbox 167 2909 389 2990; x_wconf 85' lang='lat' dir='ltr'><strong>definitivoque</strong></span> <span class='ocrx_word' id='word_1_178' title='bbox 401 2909 494 2972; x_wconf 89' lang='lat' dir='ltr'><strong>fuerit</strong></span> <span class='ocrx_word' id='word_1_179' title='bbox 514 2910 547 2973; x_wconf 91' lang='lat' dir='ltr'><strong>in</strong></span> <span class='ocrx_word' id='word_1_180' title='bbox 561 2910 726 2988; x_wconf 59' lang='lat' dir='ltr'><strong>proteum</strong></span> <span class='ocrx_word' id='word_1_181' title='bbox 738 2911 843 2974; x_wconf 84' lang='lat' dir='ltr'><strong>laeum</strong></span> <span class='ocrx_word' id='word_1_182' title='bbox 856 2911 993 2988; x_wconf 85' lang='lat' dir='ltr'><strong>restitus,</strong></span> <span class='ocrx_word' id='word_1_183' title='bbox 1006 2910 1094 2990; x_wconf 89' lang='lat' dir='ltr'><strong>quasi</strong></span> 
     </span>
     <span class='ocr_line' id='line_1_30' title="bbox 166 3003 1095 3084; baseline 0 -20"><span class='ocrx_word' id='word_1_184' title='bbox 166 3004 247 3083; x_wconf 83' lang='lat' dir='ltr'><strong>grati</strong></span> <span class='ocrx_word' id='word_1_185' title='bbox 263 3003 357 3064; x_wconf 88' lang='lat' dir='ltr'><strong>animi</strong></span> <span class='ocrx_word' id='word_1_186' title='bbox 371 3003 496 3064; x_wconf 86' lang='lat' dir='ltr'><strong>videtur</strong></span> <span class='ocrx_word' id='word_1_187' title='bbox 511 3003 646 3065; x_wconf 84' lang='lat' dir='ltr'><strong>voluisse</strong></span> <span class='ocrx_word' id='word_1_188' title='bbox 658 3004 788 3084; x_wconf 82' lang='lat' dir='ltr'><strong>vulgare</strong></span> <span class='ocrx_word' id='word_1_189' title='bbox 806 3011 903 3083; x_wconf 80' lang='lat' dir='ltr'><strong>pen&#39;es</strong></span> <span class='ocrx_word' id='word_1_190' title='bbox 922 3004 1095 3066; x_wconf 86' lang='lat' dir='ltr'><strong>Orientalas</strong></span> 
     </span>
     <span class='ocr_line' id='line_1_31' title="bbox 161 3096 1095 3177; baseline 0 -21"><span class='ocrx_word' id='word_1_191' title='bbox 161 3096 345 3176; x_wconf 17' lang='lat' dir='ltr'><strong>&#39;hujusmodi</strong></span> <span class='ocrx_word' id='word_1_192' title='bbox 361 3115 495 3158; x_wconf 86' lang='lat' dir='ltr'><strong>oenones</strong></span> <span class='ocrx_word' id='word_1_193' title='bbox 514 3115 534 3156; x_wconf 90' lang='lat' dir='ltr'><strong>a</strong></span> <span class='ocrx_word' id='word_1_194' title='bbox 552 3096 664 3176; x_wconf 82' lang='lat' dir='ltr'><strong>q&#39;uibus</strong></span> <span class='ocrx_word' id='word_1_195' title='bbox 683 3099 806 3158; x_wconf 86' lang='lat' dir='ltr'><strong>tantum</strong></span> <span class='ocrx_word' id='word_1_196' title='bbox 821 3101 986 3177; x_wconf 77' lang='lat' dir='ltr'><strong>acceperat</strong></span> <span class='ocrx_word' id='word_1_197' title='bbox 1001 3097 1095 3160; x_wconf 85' lang='lat' dir='ltr'><strong>bene·</strong></span> 
     </span>
    </p>
   </div>
   <div class='ocr_carea' id='block_1_3' title="bbox 167 3190 858 3316">
    <p class='ocr_par' dir='ltr' id='par_1_6' title="bbox 167 3190 858 3316">
     <span class='ocr_line' id='line_1_32' title="bbox 167 3190 858 3316; baseline 0.01 -7"><span class='ocrx_word' id='word_1_198' title='bbox 167 3190 283 3250; x_wconf 50' lang='lat' dir='ltr'><strong>fimum·</strong></span> <span class='ocrx_word' id='word_1_199' title='bbox 402 3271 429 3312; x_wconf 81' lang='grc' dir='ltr'><strong>ΙΙ.</strong></span> <span class='ocrx_word' id='word_1_200' title='bbox 443 3255 474 3311; x_wconf 79' lang='lat' dir='ltr'><strong>De</strong></span> <span class='ocrx_word' id='word_1_201' title='bbox 485 3271 711 3316; x_wconf 62' lang='lat' dir='ltr'><strong>collectaneorum</strong></span> <span class='ocrx_word' id='word_1_202' title='bbox 721 3271 858 3315; x_wconf 62' lang='lat' dir='ltr'><strong>rotarat.</strong></span> 
     </span>
    </p>
   </div>
   <div class='ocr_carea' id='block_1_4' title="bbox 167 3378 1094 3551">
    <p class='ocr_par' dir='ltr' id='par_1_7' title="bbox 167 3378 1094 3551">
     <span class='ocr_line' id='line_1_33' title="bbox 206 3378 1093 3460; baseline 0.005 -21"><span class='ocrx_word' id='word_1_203' title='bbox 206 3379 257 3439; x_wconf 89' lang='lat' dir='ltr'><strong>ill.</strong></span> <span class='ocrx_word' id='word_1_204' title='bbox 282 3378 389 3440; x_wconf 80' lang='lat' dir='ltr'><strong>Altera</strong></span> <span class='ocrx_word' id='word_1_205' title='bbox 408 3380 548 3442; x_wconf 87' lang='lat' dir='ltr'><strong>oolleotio</strong></span> <span class='ocrx_word' id='word_1_206' title='bbox 564 3397 633 3460; x_wconf 83' lang='lat' dir='ltr'><strong>quae</strong></span> <span class='ocrx_word' id='word_1_207' title='bbox 644 3379 759 3441; x_wconf 83' lang='lat' dir='ltr'><strong>dieitur</strong></span> <span class='ocrx_word' id='word_1_208' title='bbox 767 3381 897 3442; x_wconf 87' lang='lat' dir='ltr'><strong>Joannis</strong></span> <span class='ocrx_word' id='word_1_209' title='bbox 907 3380 1093 3443; x_wconf 76' lang='lat' dir='ltr'><strong>Antistheni</strong></span> 
     </span>
     <span class='ocr_line' id='line_1_34' title="bbox 167 3469 1094 3551; baseline 0.005 -22"><span class='ocrx_word' id='word_1_210' title='bbox 167 3470 283 3548; x_wconf 74' lang='lat' dir='ltr'><strong>prodiit</strong></span> <span class='ocrx_word' id='word_1_211' title='bbox 290 3469 374 3530; x_wconf 73' lang='lat' dir='ltr'><strong>aines</strong></span> <span class='ocrx_word' id='word_1_212' title='bbox 379 3471 519 3538; x_wconf 86' lang='lat' dir='ltr'><strong>medium</strong></span> <span class='ocrx_word' id='word_1_213' title='bbox 526 3471 621 3532; x_wconf 82' lang='lat' dir='ltr'><strong>saeuli</strong></span> <span class='ocrx_word' id='word_1_214' title='bbox 631 3473 681 3534; x_wconf 78' lang='lat' dir='ltr'><strong>Vl.</strong></span> <span class='ocrx_word' id='word_1_215' title='bbox 690 3473 766 3538; x_wconf 74' lang='lat' dir='ltr'><strong>mot</strong></span> <span class='ocrx_word' id='word_1_216' title='bbox 773 3472 824 3533; x_wconf 88' lang='lat' dir='ltr'><strong>hio</strong></span> <span class='ocrx_word' id='word_1_217' title='bbox 831 3475 968 3534; x_wconf 74' lang='lat' dir='ltr'><strong>ioannes</strong></span> <span class='ocrx_word' id='word_1_218' title='bbox 979 3492 1094 3551; x_wconf 82' lang='lat' dir='ltr'><strong>eogno-</strong></span> 
     </span>
    </p>
   </div>
   <div class='ocr_carea' id='block_1_5' title="bbox 0 0 1278 4016">
    <p class='ocr_par' dir='ltr' id='par_1_8' title="bbox 0 0 1278 4016">
     <span class='ocr_line' id='line_1_35' title="bbox 0 0 1278 4016; baseline 0 2"><span class='ocrx_word' id='word_1_219' title='bbox 0 0 1278 4016; x_wconf 95' lang='lat' dir='ltr'><strong> </strong></span> 
     </span>
    </p>
   </div>
  </div>
 </body>
</html>
