2514 4014
511 303 739 352 PROLEGOIEM.
1070 295 1090 356 5

153 447 255 508 manis
283 448 471 511 naturaliter
488 448 622 512 inditum
638 452 702 522 est;
730 451 762 511 ot
781 449 826 510 sio
845 449 1000 512 coincidet
1018 469 1090 512 oum

150 540 225 620 jure
248 540 396 602 naturali.
418 541 474 602 Jus
492 541 694 603 secundarium
713 541 837 619 dieitur,
858 543 1090 624 quodquidam

154 652 197 694 ex
218 633 339 695 ratione
361 634 497 695 naturali
516 634 741 714 proficiscitur3
765 653 828 696 non
848 638 953 697 tumen
973 636 1089 716 simpli·

156 726 236 786 citer
250 727 281 786 et
292 726 333 787 ab
344 725 431 787 initio
443 728 508 789 solo
523 727 653 790 rationis
665 727 812 789 instinctu
823 731 933 792 notum
950 731 1007 806 est,
1019 731 1090 791 tan-

155 835 254 899 quam
273 818 381 879 lumen
401 817 565 881 hominum
585 820 681 882 menti
702 819 847 896 inditum,
869 823 900 881 et
926 821 1089 884 nobiseum

155 913 277 988 natum,
294 910 350 971 sed
365 916 484 990 postea,
501 911 647 974 humanis
659 912 897 975 neuessitatihus
911 912 1088 994 itaexigen-

154 1003 252 1080 tibus,
270 1022 329 1066 usu
340 1007 372 1065 et
383 1005 522 1066 moribus
533 1005 684 1084 omnium,
699 1007 754 1068 sut
770 1005 836 1066 fero
854 1005 1005 1084 omnium,
1013 1025 1088 1086 gen·

155 1096 295 1158 tiumast
314 1096 537 1160 introductum.
553 1099 751 1179 Quapropter
764 1098 899 1160 habetur
914 1101 949 1160 ut
968 1099 1088 1180 speeies

152 1188 236 1270 juris
246 1188 381 1270 positivi.
493 1237 498 1243 .

197 1283 254 1344 Jus
264 1281 349 1343 civile
362 1285 409 1344 est
426 1281 503 1344 illud
518 1283 603 1362 quod
620 1283 804 1346 auctoritate
824 1283 974 1364 principis
992 1301 1088 1347 soeou·

153 1374 232 1436 laris
254 1374 476 1461 proficiscitur,
503 1375 543 1436 ad
568 1375 749 1438 societatem
770 1376 895 1438 civilem
917 1376 1088 1456 regendam

154 1467 271 1528 intuitu
280 1467 355 1528 boni
365 1468 546 1546 temporalis
558 1468 780 1549 consequendi.
802 1471 846 1530 Da
854 1468 927 1550 jure
944 1468 1089 1532 ecclesius-

155 1560 225 1637 tz'oo,
247 1561 288 1621 ad
314 1560 496 1623 societatem
516 1560 759 1624 eeclesiasticam
779 1562 953 1641 regendam
972 1562 1089 1624 eonsti-

153 1655 235 1732 tuto‚
253 1653 414 1734 disputare
424 1653 623 1716 instituimus.

258 1813 269 1866 ς
282 1814 320 1856 ur.
333 1822 365 1854 nu
376 1821 445 1855 sonu
456 1823 583 1862 morona,
599 1823 679 1856 nour
693 1822 734 1856 m·
746 1821 871 1862 ιοιιιιτιι,
884 1821 987 1856 ouem:

547 1890 577 1923 ιτ
589 1889 696 1924 aarum.

196 2014 220 2073 1.
245 2012 391 2089 Expecto
402 2010 545 2072 homines
557 2011 715 2092 proxime,
731 2001 924 2090 originaliter
935 2014 1040 2073 autem
1051 2029 1089 2072 ex

153 2106 280 2180 natura,
290 2103 322 2163 in
344 2103 468 2164 civilem
488 2103 675 2166 societatem
692 2104 881 2165 coalescunt.
889 2103 993 2166 Posito
1006 2104 1089 2166 fsoto

153 2195 367 2272 revelationis,
396 2196 607 2258 ecelesiastica
630 2196 779 2273 sociatam
798 2183 927 2258 auctore
953 2195 1087 2272 Christo,

155 2287 303 2350 oonstit't.
313 2287 771 2368 lllavariasregiminisformas
779 2287 891 2365 induit,
899 2287 1093 2369 istasemper

155 2399 221 2442 una
230 2381 403 2460 eadamque
416 2381 576 2443 remansit.
586 2380 634 2442 Ad
646 2382 742 2441 finem
756 2380 930 2442 naturalem
937 2380 992 2442 illa
1006 2380 1091 2442 ordi-

156 2475 232 2533 nata
246 2476 303 2551 esi,
320 2471 380 2535 ista
392 2477 498 2535 autem
512 2473 553 2534 ad
564 2474 660 2534 finem
672 2473 953 2552 supernaturalem.
971 2475 1090 2534 Natura

156 2565 339 2627 societatem
352 2566 476 2628 civilem
486 2565 744 2628 determinavitin
752 2583 885 2644 genere3
903 2564 976 2626 hine
984 2565 1089 2626 varias

158 2657 319 2737 regiminis
346 2658 463 2720 formes
490 2675 594 2736 pesse·
609 2659 657 2718 est
681 2658 742 2719 ista
776 2655 919 2718 societas.
948 2657 1088 2719 Ghristus

159 2753 265 2812 autem
279 2750 460 2813 societatem
476 2750 677 2812 christianam
692 2748 912 2812 determinavit
920 2748 953 2810 in
965 2750 1086 2830 speei03

159 2842 243 2904 unde
256 2843 289 2903 in
303 2843 364 2905 ists
375 2843 489 2906 unitas.

198 2937 236 2998 11.
259 2937 335 2998 Duae
349 2935 398 2997 hae
413 2935 579 2997 societates
592 2954 650 3014 per
663 2955 696 2996 se
712 2955 860 3002 αυτονομα
873 2936 956 3012 sunt,
971 2933 1089 2996 scilieet

159 3027 415 3107 independentes,
433 3031 464 3090 et
487 3047 559 3090 oum
584 3028 625 3090 ad
639 3027 796 3090 societatis
816 3030 993 3089 autonomae
1015 3044 1089 3088 eon-

160 3123 285 3199 oeptum
302 3121 458 3201 pertineat
482 3125 518 3182 ut
538 3121 606 3182 haeo
630 3139 687 3183 suo
711 3119 838 3200 proprio
850 3119 922 3200 jura
940 3121 1086 3199 regatur,

160 3212 277 3274 fautum
298 3217 401 3276 estut
423 3217 557 3293 utraque
585 3213 718 3276 societas
745 3231 837 3274 suum
856 3211 1019 3290 proprium
1037 3211 1089 3292 jus

161 3304 286 3367 hebeat.
298 3306 401 3368 Nostri
412 3306 542 3368 instituti
560 3309 607 3368 est
620 3305 739 3387 dejure
756 3303 913 3368 societatis
929 3303 1090 3366 ecelesias·

160 3396 229 3459 tiore
243 3401 389 3460 tractare.
405 3422 407 3428 ¹

200 3489 252 3554 111.
275 3492 393 3554 Verum
411 3491 497 3571 leges
515 3492 587 3554 latae
611 3491 653 3552 ad
673 3490 835 3553 hominum
853 3507 957 3552 mores
977 3487 1089 3566 gribon
