2514 4014
386 267 492 315 locros
515 269 666 317 5111111115
686 271 768 318 runis
790 269 944 319 1111011111.
1091 257 1130 318 69

194 411 292 474 etiam
303 410 371 472 sine
384 411 466 474 facto
478 413 605 491 proprio
619 414 814 477 auctoritatis
826 413 908 475 illius
924 433 944 474 a
958 431 1021 493 qua
1035 411 1129 476 luerit

194 505 377 566 immediate
401 506 475 566 lata.
506 507 568 568 Sed
591 507 622 566 in
652 526 768 587 genere
795 525 920 586 semper
948 507 1128 569 verificetur

195 599 281 678 quod
292 599 405 658 eadem
418 600 602 661 auctoritate
615 620 678 680 qua
692 601 777 680 leges
789 601 861 662 latae
876 604 959 678 sunt,
976 605 1008 663 et
1018 600 1128 660 dissol-

194 695 323 752 vuntur.

235 786 288 846 lll.
311 783 398 845 Medi
420 788 526 846 autem
551 786 664 866 quibus
688 787 829 846 revocari
851 790 953 866 potest
977 788 1027 847 lex
1048 787 1125 848 varii

195 877 442 956 distinguuntur,
451 879 554 957 prouti
568 879 619 938 lex
628 879 769 941 revocari
785 880 883 958 possit
892 881 942 942 vel
953 900 991 941 ex
1004 880 1125 960 integro

194 971 245 1031 rel
259 970 292 1030 in
306 975 406 1048 parte,
430 971 534 1051 quoad
550 989 658 1032 omnes
676 972 727 1032 vel
749 973 853 1052 quoad
875 973 1005 1052 aliquos
1028 975 1126 1046 Repo-

195 1064 277 1125 catio
303 1063 435 1143 alicujus
461 1064 538 1143 legis
565 1083 603 1124 ex
626 1065 749 1144 integro
774 1070 848 1127 tuno
870 1065 985 1126 accidit
1000 1065 1125 1144 quando

195 1157 303 1236 aliqua
316 1156 367 1216 lex
386 1157 490 1236 quoad
505 1177 577 1218 snas
590 1176 698 1218 omnes
722 1158 939 1237 dispoSItiones
956 1158 1100 1220 aboletur
1116 1178 1123 1219 :

195 1251 264 1310 haec
278 1251 436 1311 revocatio
452 1250 566 1311 dicitur
579 1250 741 1331 obropotio.
767 1252 935 1312 Revocatio
956 1270 1012 1331 pro
1035 1255 1125 1330 parte

195 1345 230 1404 fit
244 1343 370 1423 quando
385 1344 477 1403 firma
490 1347 636 1404 manente
651 1345 721 1424 lege
731 1344 763 1404 in
774 1363 900 1423 genere,
914 1345 1018 1424 quoad
1032 1363 1126 1424 quas-

195 1437 272 1496 dam
283 1455 355 1496 suas
372 1436 589 1514 dispositiones
599 1437 631 1497 in
642 1437 746 1516 speeie
757 1438 910 1499 aboletur.
926 1441 999 1498 llaeo
1012 1437 1126 1499 dieitur

194 1529 356 1612 derogatio.

232 1625 307 1684 Haec
320 1621 484 1701 abrogatio
506 1623 556 1684 vel
569 1623 731 1703 derogatio
745 1623 812 1683 lieri
830 1627 934 1701 potest
947 1623 1052 1702 quoad
1066 1642 1125 1682 om-

191 1735 252 1793 nes,
265 1716 316 1776 vel
331 1715 436 1794 quoad
448 1715 599 1777 nonnullos
610 1717 648 1777 de
664 1717 732 1796 ipsa
745 1715 978 1792 communitate,
991 1733 1048 1794 pro
1064 1733 1127 1794 qua

180 1810 278 1888 'leges
292 1809 446 1868 feruntur.
464 1809 495 1871 Si
506 1828 562 1888 pro
573 1809 721 1870 universa
736 1807 1126 1885 communitate,fitmodis

192 1901 357 1964 contrariis
372 1901 432 1960 illis
448 1901 560 1981 quibus
582 1903 633 1962 lex
656 1921 712 1980 pro
737 1902 885 1963 universa
902 1901 1124 1963 communitate

192 1995 259 2056 fuit
277 1994 419 2054 inducte.
436 1995 497 2056 Sed
518 1994 567 2054 lex
582 2013 639 2073 pro
663 1995 810 2056 universa
832 1995 1055 2056 communitate
1080 1995 1125 2054 in-

192 2088 288 2148 ducta
303 2089 350 2146 est
364 2085 677 2166 velpromulgatione
692 2088 743 2148 vel
757 2087 981 2148 consuetudine
991 2108 999 2160 ;
1011 2087 1056 2148 ita
1067 2104 1124 2165 pro

192 2181 317 2258 integra
331 2179 554 2240 communitate
568 2180 705 2241 abolitur
719 2169 769 2242 vel
787 2180 1037 2258 promulgatione
1053 2197 1125 2239 oon-

189 2271 290 2333 traria
305 2288 377 2350 quae
391 2272 601 2333 revocationem
614 2273 713 2350 audit,
726 2273 776 2334 vel
787 2273 945 2334 contraria
959 2275 1125 2334 consuetu-

191 2364 276 2441 dine,
295 2381 365 2443 quae
378 2363 532 2425 desuetudo
547 2369 689 2428 vocatur.

232 2459 306 2517 Haee
332 2456 491 2518 contraria
513 2458 724 2538 promulgatio
752 2477 806 2519 seu
826 2459 983 2520 revocatio
1010 2459 1123 2538 duplex

191 2567 259 2610 esse
275 2552 379 2628 potest
395 2570 402 2610 :
420 2569 568 2628 expresso
592 2551 737 2612 videlicet
759 2552 809 2612 vel
833 2551 938 2613 tacita.
957 2551 1119 2633 Eepresso,

191 2642 216 2702 si
240 2641 400 2720 conceptis
414 2641 519 2704 verbis
533 2644 751 2722 promulgetur
773 2662 829 2704 seu
852 2644 1029 2704 declaretur
1045 2644 1123 2704 anti·

191 2754 287 2815 quam
299 2735 401 2814 legem
416 2736 549 2814 emplius
562 2755 625 2796 non
638 2736 778 2815 obligare
791 2737 841 2798 vel
853 2736 1002 2800 abolitam
1014 2735 1119 2800 fuisse.

194 2828 305 2902 Tacito,
316 2827 341 2888 si
357 2845 440 2888 nova
451 2828 500 2887 lex
516 2829 629 2890 edatur
642 2829 740 2890 veteri
751 2829 918 2907 contraria,
928 2849 997 2912 quae
1010 2849 1122 2910 nempe

192 2940 264 2982 cum
280 2939 318 2981 ea
331 2921 491 2982 conciliari
502 2940 565 2982 non
578 2921 687 3000 possit.
699 2924 786 2983 Tunc
798 2941 869 2983 eum
881 2923 1123 2984 contradictoria

190 3015 336 3075 voluntas
354 3013 537 3092 imperantis
557 3015 589 3075 in
611 3013 722 3074 iisdem
743 3016 837 3076 rebus
852 3034 919 3075 esse
935 3034 998 3076 non
1012 3015 1120 3093 possit,

192 3125 386 3186 consequens
412 3108 567 3187 estquod
595 3108 620 3167 si
644 3126 726 3168 nova
753 3108 955 3186 producatur,
983 3110 1123 3171 veterem

190 3200 288 3262 tollat.
305 3199 440 3260 Proinde
460 3219 533 3261 cum
547 3219 630 3261 nova
652 3201 702 3260 lex
724 3201 808 3262 edita
822 3201 914 3261 fuerit
938 3219 1010 3262 cum
1023 3204 1121 3266 veteri

191 3291 440 3370 inconciliabiliS,
460 3293 511 3355 vel
524 3295 575 3354 lex
590 3296 679 3355 vetus
694 3293 867 3372 abrogatur
888 3294 937 3355 vel
952 3295 1062 3358 saltem
1077 3297 1120 3358 illi

192 3385 373 3465 derogetur.

231 3477 394 3546 Desertodo
409 3497 495 3556 vero,
511 3495 581 3562 quae
597 3477 813 3539 consuetudini
832 3479 1010 3558 opponitur,
1028 3478 1121 3540 debet
