2514 4014
781 63 1058 224 diust·

785 223 914 540 a

201 628 564 728 instructionis
592 605 731 730 'touls
768 629 825 730 ci
871 642 907 713 u

323 1332 333 1384 ς
347 1334 365 1376 1.
379 1343 411 1376 nn
423 1341 528 1377 actious
540 1342 609 1376 rum
620 1341 763 1376 ommam
775 1341 889 1380 morton.

13 1533 15 1548 ι
108 1487 117 1497 -·
181 1463 204 1524 Ι.
217 1464 252 1524 in
262 1479 414 1542 germana
420 1461 500 1542 juris
512 1447 639 1524 notione
649 1462 897 1542 determinanda,
914 1462 1070 1544 aheim

140 1555 228 1616 vocis
249 1554 290 1616 ad
309 1553 354 1616 rei
376 1545 585 1616 denominatae
611 1560 798 1635 conceptum
820 1555 1068 1636 progrediemur.

140 1647 228 1708 Licet
242 1646 327 1708 enim
339 1645 424 1707 aliud
438 1645 478 1708 sit
490 1647 576 1726 loqui
591 1647 630 1708 de
645 1647 838 1709 derivatione
853 1648 958 1728 quoad
974 1647 1072 1710 nomi·

140 1739 189 1800 nis
201 1739 444 1818 impositionem,
459 1738 544 1800 aliud
556 1739 596 1799 de
608 1739 718 1800 ordine
728 1739 833 1818 quoad
845 1739 1069 1818 causalitatem,

141 1832 211 1892 haec
230 1830 293 1892 duo
308 1834 415 1892 tamen
428 1831 511 1893 inter
529 1851 562 1892 se
577 1848 640 1892 non
656 1849 729 1893 raro
744 1835 936 1912 congruunt3
955 1832 1018 1894 imo
1033 1830 1072 1894 si·

140 1942 278 2002 gnonum
301 1924 378 1985 ordo
404 1923 445 1984 ad
466 1941 572 1985 rerum
586 1923 781 2002 signatarum
799 1925 941 1986 ordinem
961 1929 1072 2004 suapte

141 2019 257 2077 natura
266 2015 411 2096 perducit
437 2036 444 2078 :
459 2015 611 2078 «Initium
627 2014 788 2094 doctrina,
810 2016 887 2078 dixit
900 2017 1070 2098 Epictetus,

143 2112 191 2170 est
205 2106 412 2170 consideratio
427 2107 571 2170 nominis.
594 2129 609 2166 a

183 2203 281 2263 Porro
300 2200 386 2262 vocis
396 2200 450 2281 jas
467 2200 562 2262 variae
581 2199 682 2263 solent
694 2200 846 2280 assignari
862 2200 1070 2282 etymologia.

184 2297 216 2356 10
227 2293 333 2354 Prima
345 2295 402 2370 cst,
418 2296 453 2354 nt
467 2292 520 2374 jus
535 2292 658 2354 dicatur
676 2312 696 2354 a
707 2293 795 2373 jussu
810 2292 1023 2374 seujubendo;
1042 2297 1075 2354 et

141 2385 176 2446 in
188 2385 249 2446 hoc
263 2403 367 2464 sensu,
382 2403 401 2446 a
414 2384 643 2467 jurisconsultis
655 2386 756 2466 magis
775 2389 912 2467 recepto,
927 2385 1003 2448 illud
1020 2403 1073 2447 vo-

141 2477 290 2538 cabulum
304 2477 389 2538 idem
400 2495 528 2558 prorsus
542 2475 618 2538 dicit
631 2477 854 2558 acimperium,
870 2496 927 2539 seu
936 2478 1070 2560 jussum.

143 2572 239 2632 Juxta
253 2569 335 2632 hanc
352 2569 586 2649 etymoloffl'am,
603 2568 671 2630 aliis
689 2570 833 2632 omnibus
850 2573 933 2632 certe
953 2569 1074 2650 planio-

144 2681 224 2740 rem,
238 2663 290 2744 jus
308 2666 355 2724 est
366 2661 398 2722 id
411 2661 496 2742 quod
505 2661 629 2742 jussum
645 2665 702 2740 est,
719 2679 832 2743 nempe
847 2661 905 2724 lec.
928 2663 1073 2742 astorgo

144 2755 178 2815 id
189 2755 273 2835 quod
286 2754 337 2816 vel
348 2753 499 2832 Deua,vel
512 2757 636 2832 natura,
644 2754 693 2814 vel
704 2753 859 2833 pn'nceps,
867 2755 917 2816 vel
927 2753 1071 2835 populus,

144 2844 196 2906 vel
210 2846 402 2908 consuetudo
414 2845 515 2927 jubet.

184 2943 216 3000 2⁰
228 2939 374 3000 Secunda
383 2938 534 3000 derivatio
545 2941 602 3017 est,
614 2941 650 3000 ut
655 2937 718 3019 jus,
732 2938 812 3002 sicut
824 2937 901 3002 dixit
910 2939 1071 3019 Ulpianus,

144 3050 164 3093 a
186 3031 310 3112 justitio
338 3031 573 3107 denominetur,
599 3031 649 3092 vel
672 3035 823 3111 tanquam
851 3030 1008 3111 objectum
1033 3029 1074 3092 ab

143 3125 213 3203 ipso
237 3127 319 3202 actu,
346 3123 403 3201 uti,
432 3142 462 3185 v.
484 3142 530 3202 g.‚
551 3122 658 3184 scibile
680 3123 794 3185 dicitur
816 3141 836 3183 a
862 3121 1001 3199 scientia,
1024 3121 1075 3186 vel

142 3221 296 3295 tanquam
311 3234 362 3276 ars
372 3220 427 3278 aut
445 3215 608 3294 disciplina
622 3233 641 3278 a
655 3233 711 3277 suo
725 3216 798 3276 fine.
815 3215 909 3276 Juxta
926 3215 959 3276 S.
978 3215 1074 3286 Iside·

144 3325 227 3386 rum,
235 3307 288 3388 jus
302 3326 359 3387 per
372 3325 532 3387 syncopen
541 3325 562 3368 a
575 3325 653 3370 voce
660 3307 778 3388 justum
789 3306 969 3367 immediate
985 3309 1074 3369 otior·

144 3401 295 3462 meretur.
701 3447 703 3450 .

185 3492 310 3554 Justnm
328 3509 403 3554 varo
419 3490 585 3572 dupliciter
598 3483 770 3576 accipitur:
786 3493 816 3552 {⁰
830 3489 1015 3572 generatim,
1031 3488 1075 3559 its

219 3611 282 3657 nou.
304 3613 322 3656 ι.
673 3623 676 3628 ·
958 3597 970 3656 t

604 3691 710 3776 38&
