2546 4016
156 267 214 330 126
314 247 317 252 ’
363 283 592 332 msuruuonns
613 285 695 332 surus
717 283 870 332 canorum.

155 431 237 504 sunt,
254 428 293 488 de
308 447 442 508 quarum
456 429 641 492 auctoritate
654 429 714 490 hoc
723 449 821 492 unum
833 429 988 492 habeatur
999 428 1089 509 prin-

156 539 272 600 cipium
288 541 295 582 ε

196 616 273 675 Cum
287 614 409 693 privato
427 615 530 677 studio
545 615 720 695 prodierint
733 616 782 676 hae
798 616 1007 694 collectiones,
1026 635 1089 678 neo

155 707 219 768 ulla
233 726 270 767 cx
287 707 325 768 iis
345 727 500 787 supremae
515 709 707 770 auctoritatis
717 709 831 787 placito
851 709 945 770 fuerit
973 711 1088 770 contir-

156 803 241 861 mata
251 804 282 862 et
292 803 499 881 promulgata,
512 806 715 864 monumenta
724 802 756 862 in
768 802 806 863 iis
816 802 1088 882 relatajuridicam

157 898 187 958 et
194 894 327 973 legalem
337 889 554 956 auctoritatem
564 896 726 956 nullamex
735 896 772 956 iis
783 895 925 974 accipere
936 900 1084 975 possunt3

155 988 210 1048 sed
225 991 427 1048 monumenta
440 987 521 1048 iniis
536 989 636 1049 relata
645 989 837 1050 tantivalcnt
852 989 960 1069 quanti
977 988 1088 1050 critica

157 1080 345 1157 collectoriS,
371 1100 426 1141 seu
455 1081 487 1140 in
516 1084 641 1142 tantum
662 1081 726 1142 vim
754 1082 889 1160 legalem
914 1081 1031 1143 habent
1053 1081 1086 1140 in

157 1175 309 1252 quantum
321 1174 514 1236 concordant
528 1191 600 1234 cum
613 1174 800 1235 authenticis
818 1174 1041 1236 monumentis,

198 1265 278 1326 Satis
293 1266 332 1327 de
347 1267 582 1328 collectionibus
591 1267 671 1346 juris
684 1267 859 1341 novissimi;
880 1287 944 1328 una
964 1271 1086 1328 tantum

157 1361 254 1419 restat
278 1359 418 1420 collectio
439 1378 508 1440 quae
531 1379 603 1421 cum
624 1379 685 1422 non
710 1361 846 1439 potuerit
868 1362 933 1421 ulla
956 1361 1085 1440 periodo

158 1451 308 1530 singulari
321 1453 555 1532 comprehendi,
567 1473 625 1514 nee
640 1457 760 1532 spectat
771 1454 918 1515 adunam
933 1454 1087 1532 epocham
1160 1526 1162 1528 Ι

158 1545 336 1624 specialem,
348 1547 380 1606 in
395 1547 454 1608 hac
463 1547 648 1608 tractatione
663 1547 802 1628 generali
818 1547 934 1608 omissa
944 1550 1000 1608 est.
1013 1549 1088 1607 Haeo

159 1642 206 1700 est
229 1641 369 1702 collectio
394 1659 464 1720 quae
488 1640 602 1701 dicitur
622 1639 802 1719 deputarem
822 1639 1016 1702 cancellariae
1037 1658 1089 1700 ro·

159 1749 281 1810 manae,
296 1733 335 1794 de
351 1753 413 1813 qua
427 1734 588 1812 paulisper
601 1731 793 1812 loquendum
809 1737 865 1794 est.

377 1883 438 1936 §lv-
456 1894 557 1926 uuonan
570 1893 738 1928 cenomanie
754 1893 869 1926 nomann-

198 2005 277 2066 vlll.
293 2005 485 2068 Cancellaria
497 2006 934 2086 romanatanquamofficium
947 2009 1088 2085 eratque

158 2098 296 2175 expediri
334 2099 477 2160 solebant
506 2100 612 2161 omnia
638 2100 798 2178 pontificia
822 2100 994 2179 rescripta,
1022 2103 1088 2160 tam

158 2191 266 2268 gratia
280 2210 375 2271 quam
386 2192 514 2271 justitiae
526 2213 534 2266 ;
551 2192 801 2272 antiquissimam
815 2193 911 2254 habet
921 2191 1089 2254 institutio-

158 2300 230 2342 nem
245 2287 276 2344 et
288 2283 475 2363 quibusdam
484 2285 599 2365 regulis
612 2285 861 2347 traditionalibus
872 2285 904 2344 in
920 2285 984 2346 suis
997 2303 1088 2363 expe-

160 2375 281 2436 diendis
297 2377 429 2456 negotiis
443 2397 501 2439 usa
517 2383 580 2452 est;
597 2379 652 2438 sed
670 2378 782 2438 harum
803 2379 985 2456 regularum
1002 2376 1089 2437 nulla

163 2468 262 2530 extitit
281 2471 323 2531 ah
346 2471 529 2550 antiquitate
553 2470 670 2549 scripta
684 2470 843 2548 collectio,
865 2471 963 2531 multo
985 2469 1089 2529 minus

161 2561 253 2641 legali
269 2563 454 2625 auctoritate
469 2563 662 2624 confirmata.

201 2655 324 2717 Primus
337 2657 395 2716 fuit
416 2658 553 2718 loannes
568 2657 650 2717 XXll
673 2655 725 2735 qui
747 2655 804 2716 has
828 2655 952 2735 regulas
972 2654 1088 2733 scripto

161 2747 290 2826 digessit
308 2752 339 2810 et
352 2748 510 2828 pontificia
528 2748 712 2809 auctoritate
727 2749 933 2810 confirmavit.
952 2749 1089 2827 Sequen-

160 2844 207 2902 tes
220 2843 309 2902 Rom.
326 2841 491 2902 Pontifices
507 2841 592 2919 operi
605 2841 742 2920 incoepto
759 2842 983 2917 incubuerunt,
1002 2840 1089 2901 varie

161 2934 237 2995 illud
257 2933 491 3011 modificarunt,
516 2933 690 3012 praesertim
714 2953 786 2995 seeo.
808 2937 874 3011 XV,
899 2934 1025 2995 Nicolao
1046 2936 1090 2996 V⁰

162 3026 321 3104 Pontifice‚
339 3027 439 3088 donec
453 3026 546 3088 hodie
570 3026 694 3088 illarum
709 3027 849 3088 collectio
862 3027 903 3087 ad
917 3028 1024 3088 LXXII
1040 3045 1091 3087 re-

162 3121 252 3198 gulas
268 3121 414 3183 exerevit.

202 3212 300 3290 Hujus
322 3214 511 3277 collectionis
536 3233 574 3275 ea
594 3213 760 3293 singularis
785 3216 831 3274 est
856 3215 983 3290 natura,
1006 3212 1090 3292 quod

163 3321 274 3382 nempe
290 3325 352 3366 non
364 3307 458 3369 faciat
473 3307 525 3388 jus
545 3307 670 3368 omnino
690 3309 887 3384 perpetuum,
900 3305 956 3365 sed
968 3309 1090 3367 tantum

162 3397 347 3458 duraturum
370 3419 531 3479 quousque
553 3400 630 3460 vivit
651 3399 793 3460 Pontifex
811 3398 964 3460 Maximus
987 3418 994 3458 ε
1016 3398 1090 3458 sede

161 3493 267 3552 autem
282 3495 429 3569 vacante,
446 3492 568 3571 expirat
581 3493 705 3553 illarum
719 3491 766 3552 vis
781 3495 812 3552 et
831 3489 1009 3552 auctoritas.
1028 3490 1091 3552 Sed
