2514 4014
164 303 184 364 t
371 310 705 364 1usr1rur10unsron1s
727 311 881 362 esnomcr.

165 459 317 524 Etinhoc
333 478 426 522 sensu
443 457 591 522 definitur
605 459 637 520 in
656 458 754 522 Instit.
771 459 829 540 (tit.
845 459 876 540 2)
892 480 898 523 :
916 479 931 518 u
941 457 995 521 lus
1008 463 1097 522 noto-

165 553 279 614 rcleest
290 550 482 634 qoodccturc
495 553 593 614 omnic
608 552 748 612 animalia
765 551 872 615 docuit.
888 554 936 615 lta
954 557 1095 616 satcom-

166 644 303 707 munitor
315 644 367 726 jus
383 645 558 707 naturales
573 644 730 708 veteribus
739 643 969 724 jurisconsultis
984 646 1095 725 aecipi-

166 742 227 815 tur,
241 737 293 818 qui
304 737 382 799 illud
397 738 593 817 distinguunt
606 735 704 818 ajure
716 737 858 816 pestium,
873 738 947 817 quis
959 739 1096 818 primum

167 847 333 892 commune
348 834 395 892 est
407 830 551 893 omnihus
563 829 785 907 animantibus,
802 831 877 892 dum
892 832 1025 900 alterum
1037 831 1094 893 soli

167 923 286 984 homini
299 923 463 1002 proprium
473 927 531 985 cst.

208 1017 325 1096 Verum
344 1016 376 1076 in
397 1015 504 1078 stricto
531 1033 624 1077 seusu
642 1013 695 1095 jus
710 1016 852 1078 naturale
873 1015 996 1078 nonnisi
1012 1015 1097 1078 entia

168 1107 333 1170 rationalis
346 1108 486 1170 etlibere
495 1108 601 1185 officit,
616 1111 762 1186 etpresse
773 1109 936 1171 delinitur:
952 1107 1029 1170 illud
1030 1109 1095 1190 jus,

168 1201 251 1280 cujus
264 1199 402 1279 oblc'potic
418 1221 475 1261 non
493 1209 535 1261 cst
554 1200 645 1260 libera
659 1201 784 1281 alicujus
795 1202 998 1282 proeccpientis
1012 1203 1098 1282 lepis-

168 1293 271 1354 lctoris
291 1293 438 1354 voluntate
459 1293 567 1368 oritur,
589 1293 640 1354 sed
662 1312 700 1354 ec
725 1294 789 1374 epse
815 1294 861 1355 rei
874 1303 1034 1374 proeceptoe
1054 1296 1102 1356 vel

165 1384 325 1465 prohibite
338 1392 456 1449 natura.
471 1387 591 1450 Etcum
601 1385 669 1447 haec
679 1389 793 1448 notura
803 1387 843 1448 sit
854 1387 1055 1449 immutabilis
1068 1391 1099 1452 et

169 1478 281 1540 eedem
288 1477 417 1558 ubique,
426 1478 497 1539 ideo
507 1477 559 1559 jus
569 1478 712 1540 natrrrsle
722 1479 838 1560 ubique
849 1483 881 1542 et
892 1481 977 1560 apud
990 1497 1097 1542 omnes

169 1575 278 1651 gentes
293 1570 437 1632 eamdem
455 1570 519 1632 vim
534 1571 639 1633 habet.

197 1667 240 1726 Ψ
252 1663 306 1725 loc
313 1665 473 1746 positivum
494 1668 541 1726 est
559 1664 636 1726 illud
653 1666 749 1745 quod,
773 1684 836 1727 non
855 1684 894 1726 ex
910 1666 956 1726 rei
974 1669 1096 1743 natura,

169 1757 225 1818 sed
237 1775 275 1818 ex
287 1757 388 1818 libere
402 1757 457 1818 Dei
470 1757 520 1818 vel
536 1755 672 1818 hominis
687 1757 847 1820 voluntate
865 1758 981 1838 pendet
992 1760 1022 1818 et
1035 1757 1100 1818 vim

170 1849 300 1912 obtinet.
326 1849 446 1912 Dicitur
469 1849 630 1930 positivum
655 1848 730 1929 quia
750 1868 770 1910 a
793 1850 944 1929 principe,
972 1868 1035 1911 non
1060 1869 1099 1911 ex

170 1941 308 2021 quedam
320 1941 504 2003 necessitate
519 1944 613 2022 etque
625 1941 795 2004 intrinseco
805 1942 917 2023 objecti
930 1942 1097 2022 exigentis,

170 2034 226 2095 sed
239 2034 337 2095 libere
352 2033 533 2113 imponitur.
610 2081 612 2086 ,
722 2034 725 2038 ’

209 2128 247 2188 ΙΙ.
268 2128 324 2189 lus
341 2126 509 2206 positivum
525 2126 674 2190 dividitur
690 2148 697 2190 :
713 2129 743 2189 1⁰
755 2126 787 2188 in
800 2127 930 2190 divinum
950 2131 981 2190 et
998 2127 1101 2189 hocw-

169 2239 249 2298 παθη,
260 2222 353 2299 prout
365 2237 384 2280 a
396 2212 472 2297 Deo,
488 2238 634 2299 supremo
644 2219 833 2300 legislatore,
850 2221 947 2283 veleb
961 2221 1101 2283 humana

172 2312 355 2374 auctoritate
385 2312 543 2391 procedit.
569 2313 625 2374 Jus
660 2313 802 2374 naturale
837 2318 922 2376 certo
956 2318 1101 2393 respectu

171 2405 266 2467 etiem
288 2403 428 2465 divinum
451 2404 602 2485 appellari
628 2408 740 2483 potest,
759 2405 791 2466 in
813 2409 966 2486 quantum
984 2407 1103 2468 scilicet

171 2498 273 2558 clleo
283 2543 291 2575 ‚
308 2499 459 2577 tanquam
471 2499 599 2560 auctore
618 2501 754 2576 naturae,
780 2499 935 2561 mentibus
954 2498 1101 2562 humenis

172 2593 219 2651 cst
245 2578 400 2663 inditum3
426 2589 533 2670 itaque
553 2589 605 2670 jus
626 2590 795 2669 positivum
814 2590 971 2670 divinum,
995 2592 1101 2654 stricte

171 2685 341 2762 sumptum,
354 2700 392 2743 ee
400 2682 523 2743 tantum
533 2701 603 2763 quae
614 2683 713 2763 adjus
723 2686 865 2745 naturale
875 2705 938 2746 non
947 2687 1098 2764 spectent,

170 2774 270 2856 jubet.
818 2841 822 2850 A

210 2871 241 2928 2⁰
253 2868 309 2929 Jus
320 2867 490 2947 positivum
505 2867 679 2930 humanum
693 2868 725 2932 in
736 2869 789 2952 jus
805 2871 955 2950 gentium,
969 2870 1058 2933 civile
1070 2875 1101 2934 et

172 2960 421 3022 ecclesiasticum
432 2960 588 3022 subdividi
601 2962 700 3023 solet:
869 2967 872 2969 ’

211 3051 265 3113 Jus
275 3053 417 3133 pestium,
434 3053 524 3134 cujus
541 3054 625 3114 notio
645 3054 731 3116 varie
756 3056 891 3118 traditur
909 3058 949 3118 ah
968 3056 1101 3120 auotori-

171 3145 244 3224 hus,
260 3145 370 3208 heberi
386 3148 489 3225 potest
497 3149 533 3206 ut
542 3145 617 3207 illud
631 3164 693 3225 quo
705 3165 812 3210 omnes
825 3154 933 3228 gentes
943 3151 993 3212 vel
1004 3151 1102 3211 ferme

173 3256 281 3299 omues
293 3242 444 3301 utuntur:
462 3257 482 3298 e
493 3238 724 3317 jurisconsultis
739 3241 835 3303 dividi
850 3241 928 3304 solet
941 3241 973 3305 in
985 3244 1103 3322 prime-

174 3330 257 3392 rium
273 3335 303 3393 et
312 3331 543 3392 secundarium.

212 3425 229 3486 J
232 3443 268 3484 us
277 3423 417 3502 gentium
425 3425 605 3504 primarium
612 3424 689 3486 illud
702 3429 748 3486 est
763 3428 846 3508 quod
857 3427 1008 3490 naturalis
1023 3431 1103 3492 ratio

175 3516 318 3587 omnibus
332 3515 478 3600 gentibus
491 3515 597 3596 dictat,
610 3517 757 3600 quodque
771 3521 1029 3585 sDeomentibus
1043 3523 1103 3586 hu·
