2546 4016
177 245 216 306 88
386 255 614 304 rusrrrurrouos
635 257 716 303 runis
739 257 891 304 cruorum.

217 401 305 464 Unde
324 399 459 461 tenenda
479 403 527 461 est
549 400 694 478 quaedam
709 400 814 462 media
830 400 993 478 sententia,
1009 417 1105 480 quam

177 496 356 575 proponunt
369 493 481 554 fratres
496 493 641 554 Bellerini
659 493 691 552 in
706 493 878 572 appendice
904 494 944 553 ad
958 497 1034 554 tom.
1052 510 1100 570 111,

176 591 233 666 Op.
245 588 276 648 S.
289 585 401 648 Leonis
408 585 524 664 Magni.
540 588 660 646 Revera
670 586 801 664 apostoli
813 586 965 665 quasdam
976 586 1103 664 regulas

175 699 231 742 seu
246 697 381 740 canones
393 677 591 739 tradiderunt
600 679 739 740 nascenti
754 679 915 740 Ecclesiae:
930 678 962 738 hi
974 679 1102 739 fuerunt

174 791 320 835 successu
330 775 518 850 temporum,
526 771 767 833 tumtraditione
775 771 975 848 servati,tum
983 771 1099 850 scripto

174 866 297 938 traditu
324 865 380 926 sed
397 864 419 924 ii
434 881 570 925 canones
584 863 714 926 fortasse
729 865 820 942 pauci
833 864 968 940 fuerunt,
986 863 1100 942 quibus

174 977 370 1021 successores
381 957 593 1036 apostolorum
608 974 664 1034 pro
676 960 852 1035 temporum
867 956 1100 1039 opportunitate

174 1052 251 1114 alios
261 1051 460 1126 addiderunt,
470 1068 533 1110 non
544 1049 663 1110 variato
674 1049 762 1110 titulo
774 1049 930 1127 primitivo
942 1067 1100 1110 canonum

174 1144 397 1223 apostolorum,
414 1143 518 1220 prouti
538 1142 798 1220 ephemeredibus
820 1142 868 1202 vel
896 1140 1001 1203 diariis
1025 1159 1098 1202 con·

172 1235 281 1314 tingit;
296 1234 380 1296 etsie
395 1253 531 1297 canones
547 1235 646 1296 dedic
663 1235 695 1294 in
709 1235 793 1296 diem
806 1238 980 1297 creverunt.

213 1328 245 1390 Si
269 1331 374 1399 autem
400 1330 431 1388 et
456 1327 604 1388 haeretiea
628 1330 659 1389 et
672 1328 751 1388 falsa
773 1329 832 1390 sub
851 1328 910 1388 illis
926 1327 1097 1389 canonibus

172 1420 399 1497 recensuerint,
423 1418 483 1481 hoc
502 1419 626 1480 videtur
644 1421 685 1482 ob
700 1421 937 1483 amanuensium
951 1422 1097 1500 ignoran-

172 1513 248 1576 tiam
268 1514 318 1573 vel
337 1513 377 1574 ob
401 1512 553 1574 malitiam
572 1514 772 1576 collectorum
791 1515 907 1576 factum
921 1514 1027 1589 fuisse,
1041 1512 1095 1592 qui

172 1626 234 1669 non
253 1605 460 1668 distinxerunt
472 1605 553 1667 inter
567 1607 699 1668 concilia
712 1607 852 1687 legitima
872 1627 908 1669 ee
921 1605 1096 1669 orthodoxa

171 1703 202 1760 et
224 1703 395 1762 conventus
424 1698 643 1760 haereticorum
670 1699 720 1759 vel
745 1700 1030 1772 schismaticorum
1050 1698 1095 1758 sic

171 1792 323 1871 quosdam
354 1809 489 1852 canones
520 1791 559 1852 ab
591 1791 628 1851 iis
657 1793 813 1854 confectos
841 1793 1039 1854 inseruerunt
1061 1791 1093 1850 iu

169 1884 311 1962 catalogo
326 1882 568 1961 apostolicorum
581 1902 746 1962 canonum,
764 1885 817 1965 qui
832 1887 880 1948 die
892 1885 1093 1966 quotidieque

169 1975 339 2036 erescebat.
365 1974 453 2046 Quod
479 1975 553 2035 satis
581 1978 782 2039 confirmator
803 1998 841 2038 ex
864 1997 900 2040 eo
916 1978 1000 2057 quod
1015 1994 1093 2037 nen-

168 2067 243 2128 nulli
262 2067 396 2143 codices,
421 2067 503 2127 inter
520 2087 598 2146 quos
611 2069 699 2128 illum
714 2090 808 2149 quem
822 2071 908 2132 dedit
926 2069 1092 2147 Dionysius

167 2161 316 2239 Exiguus
325 2159 463 2220 habeant
473 2163 511 2221 50
518 2163 651 2237 tautum,
660 2162 711 2221 alii
720 2167 757 2224 85
766 2163 944 2244 hujusmodi
956 2180 1091 2222 oenones

167 2253 350 2324 exhibeant3
384 2252 472 2332 cujus
500 2251 716 2330 discrepantiae
746 2256 826 2316 ratio
845 2256 977 2316 ‘videtur
1005 2272 1087 2330 esse,

167 2344 250 2423 quod
264 2344 445 2406 collectores
459 2344 510 2405 alii
522 2345 602 2422 plus,
619 2345 671 2405 alii
686 2347 788 2408 minus
800 2349 965 2427 primitivae
981 2345 1089 2409 calleo

165 2436 453 2498 tioniaddiderunt.

205 2530 269 2592 Vll.
289 2529 320 2592 Si
329 2533 434 2591 autem
447 2536 606 2609 quaeratur
616 2532 696 2594 ratio
712 2533 751 2594 oh
762 2553 857 2614 quam
869 2535 936 2596 haec
948 2533 1088 2596 collectio

165 2621 314 2684 Clementi
350 2625 490 2683 Romano
525 2624 619 2684 tribui
653 2626 752 2702 solet,
788 2628 877 2688 adest
909 2627 1089 2708 conjectura

164 2713 344 2790 Berhardii‚
362 2714 414 2794 qui
436 2715 468 2775 in
492 2735 549 2776 sua
570 2717 678 2778 critica
701 2719 742 2778 ad
764 2720 925 2781 decretum
951 2718 1087 2782 Gratiani

163 2805 301 2883 suspicet
312 2807 502 2867 Clementem
516 2809 762 2871 Alexandrinum
775 2813 905 2873 fortasse
919 2813 1088 2892 quamdam

164 2897 343 2978 hujusmodi
368 2898 583 2962 collectionem
613 2903 779 2980 perfecisse
806 2906 856 2966 vel
876 2905 979 2967 faeere
993 2905 1088 2966 incoe-

162 3009 256 3069 pisse.

201 3087 275 3146 Heec
291 3085 471 3166 conjectura
493 3086 618 3148 videtur
642 3089 760 3149 firmari
772 3090 956 3153 testimoniis
981 3089 1087 3152 Hiero-

162 3177 248 3254 nymi
273 3178 323 3239 vel
348 3178 480 3240 aliorum
506 3180 787 3243 ecclesiasticorum
810 3183 1009 3262 scriptorum,
1034 3183 1087 3264 qui

162 3267 270 3330 dicunt
290 3271 481 3332 Clementem
505 3273 750 3335 Alexandrinum
777 3275 815 3335 de
842 3277 1014 3336 canonibus
1040 3294 1088 3336 ec-

161 3359 339 3422 clesiasticis
361 3363 455 3424 etiem
480 3365 608 3444 egisse:
632 3385 693 3446 que
722 3368 841 3446 posito,
865 3368 956 3429 facile
979 3368 1086 3428 inferri

160 3456 263 3530 potest
284 3454 368 3532 quod
393 3455 472 3517 forte
493 3476 531 3517 ex
552 3459 791 3521 amanuensium
815 3459 1006 3540 ignorantia,
1031 3461 1083 3538 qui

1161 2533 1163 2538 ψ

1260 2859 1263 3016 1
