2512 4012
371 296 409 344 nn
431 297 560 344 caruero
580 299 663 344 runis
685 297 841 345 canonici.
1015 281 1069 343 aul

139 437 202 503 bus.
220 443 302 502 Nam
320 439 394 501 licet
415 440 521 519 quoad
545 440 683 502 osticium
697 443 765 502 tum
779 439 916 502 vicarius
929 437 1075 519 apostoli-

139 553 205 610 cus,
222 538 292 595 tum
307 532 472 611 episcopus
487 532 652 614 coadjutor
671 533 754 593 idem
767 537 904 611 praeiet,
922 535 1074 611 conceptu

138 629 243 687 tamen
264 625 345 705 juris
360 625 392 684 in
414 643 450 687 eo
471 625 619 687 differunt
633 626 717 705 quod
739 625 874 686 vicarius
887 624 1075 705 apostolicus

139 719 274 780 Romani
299 718 457 779 Pontificis
479 718 605 779 nomine
629 722 660 780 et
674 717 923 796 independenter
936 719 977 780 ab
997 718 1075 798 epis-

139 829 219 890 copo
244 829 335 872 suam
360 815 504 872 exerceat
522 811 755 884 auctoritatem;
778 811 942 889 episcopus
970 815 1075 872 autem

139 904 307 984 coadjutor
336 922 399 964 non
427 902 467 964 sit
497 902 556 964 nisi
587 902 722 964 vicarius
755 903 910 981 generalis
939 902 1075 981 episcopi

141 998 253 1060 ordine
264 995 434 1076 episcopali
447 994 623 1075 insignitus,
636 995 689 1075 qui
702 995 775 1056 licet
789 1015 809 1056 a
821 998 960 1057 Romano
973 996 1076 1057 Ponti-

141 1091 199 1152 tice
220 1090 400 1168 deputetur,
418 1093 525 1150 tamen
544 1107 607 1150 non
620 1091 797 1149 Romanum
810 1089 1003 1165 Pontificem,
1021 1088 1076 1148 sed

141 1183 325 1263 episcopum
335 1174 510 1262 ¹coadjuvat
530 1185 561 1242 et
575 1185 780 1260 repraesentat
794 1181 826 1241 in
839 1181 978 1244 dioecesi.
994 1183 1077 1254 Oua·

142 1279 272 1356 propter
293 1274 400 1335 vicarii
418 1274 580 1354 apostolici
606 1274 783 1353 delegatam
797 1274 915 1335 babent
932 1273 1076 1355 jurisdio

143 1368 273 1445 tionem,
289 1386 309 1428 a
323 1370 465 1428 Romano
480 1385 593 1445 nempe
608 1366 770 1444 Pontifice‚
788 1365 877 1446 cujus
892 1367 1078 1429 auctoritate

144 1461 388 1523 constituuntur.

182 1559 213 1614 2⁰
227 1552 393 1616 Mittuntur
417 1555 524 1614 autem
546 1572 565 1614 a
584 1556 726 1615 Romano
755 1552 905 1614 Pontifiee
924 1555 960 1613 ut
972 1552 1077 1612 locum

143 1646 191 1710 sui
216 1646 385 1708 vicariatus
405 1645 493 1725 quasi
520 1647 657 1726 episcopi
674 1647 860 1726 gubernent.
887 1646 969 1722 Ergo
985 1663 1079 1722 gene·

143 1740 238 1801 ratim
252 1739 452 1819 loquendoid
466 1743 569 1817 potest
583 1740 717 1800 vicarius
728 1737 917 1817 apostolicus
933 1737 964 1798 in
980 1738 1078 1798 eccle-

145 1833 191 1894 sia
208 1832 256 1892 sui
270 1831 438 1894 vicariatus
453 1833 538 1912 quod
554 1832 718 1912 episcopus
736 1832 768 1891 in
781 1849 838 1892 sua
857 1829 984 1891 dioecesi
999 1849 1006 1903 ;
1023 1831 1079 1891 sed

145 1923 320 2004 generatim
329 1925 485 2005 loquendo
498 1928 630 2001 tautum,
644 1943 718 1986 nam
732 1924 776 1984 illi
790 1922 898 1986 vicarii
914 1922 1077 2002 apostolici

146 2018 199 2098 qui
213 2017 380 2079 mittuntur
392 2017 432 2078 ad
457 2017 604 2078 ecclesias
618 2021 782 2079 nascentes
797 2035 852 2078 seu
866 2017 907 2078 ad
926 2017 997 2078 loca
1010 2015 1078 2077 inli-

146 2111 263 2172 delium
278 2111 439 2171 uberiores
453 2110 486 2170 in
504 2110 659 2172 mandatis
676 2111 794 2172 babent
814 2109 990 2187 facultates,
1008 2127 1078 2189 quaa

145 2221 258 2283 nempe
279 2203 463 2264 necessaria
479 2206 551 2284 sunt
563 2204 613 2264 vel
630 2207 814 2283 opportunae
829 2203 870 2263 ad
885 2203 967 2263 hanc
982 2202 1080 2264 infor-

143 2295 294 2358 mandam
318 2294 586 2356 christianitatem.
613 2296 749 2356 Minores
774 2299 880 2356 autem
905 2295 1022 2356 dantur
1035 2295 1079 2355 fo-

145 2390 277 2450 cultates
292 2388 351 2449 illis
371 2387 423 2468 qui
438 2387 478 2448 ad
496 2387 661 2448 ecclesiam
679 2388 747 2468 jam
765 2387 965 2448 constitutam
981 2387 1080 2466 depu-

143 2485 251 2544 tantur
273 2485 425 2561 tanquam
446 2480 714 2542 administratores
736 2478 909 2557 apostolici.
936 2478 974 2538 lli
996 2480 1080 2539 enim

143 2574 247 2652 potius
270 2573 395 2636 vicariis
416 2573 641 2652 capitularibus
660 2591 755 2653 quam
776 2571 932 2650 episcopis
952 2589 1081 2650 compa-

144 2671 265 2744 rantur,
289 2665 412 2728 vicariis
423 2685 535 2744 nempe
550 2664 610 2726 illis
630 2685 649 2726 a
663 2665 798 2744 capitulo
810 2662 927 2740 electio,
945 2663 998 2743 qui
1011 2665 1080 2724 tan-

146 2778 242 2839 quam
256 2759 393 2838 episcopi
417 2758 551 2820 interimi
567 2763 599 2820 et
622 2757 756 2838 precarii
776 2761 941 2820 vacantem
966 2760 1081 2836 regunt

145 2852 320 2914 ecclesiam.

184 2948 217 3005 3⁰
236 2945 324 3006 Licet
340 2945 390 3006 hic
406 2939 632 3026 jurisdictionis
654 2945 772 3024 gradus
797 2943 986 3005 assimiletur
1005 2961 1080 3003 auc-

144 3037 262 3100 toritati
289 3057 344 3098 acu
362 3037 572 3118 jurisdictioni
598 3036 789 3116 episcopali,
814 3055 888 3097 vere
915 3039 1021 3095 tamen
1051 3037 1082 3095 et

145 3130 271 3210 proprie
295 3150 356 3191 non
378 3130 492 3192 dicitur
514 3129 684 3191 auctoritas
699 3129 895 3209 episcopalis,
924 3125 1080 3206 siquidem

146 3223 282 3284 vicarius
293 3224 482 3302 apostolicus
498 3241 561 3283 non
581 3225 629 3284 est
643 3241 717 3283 vere
739 3224 770 3282 et
788 3219 913 3300 proprie
927 3219 1010 3280 illius
1033 3219 1080 3280 sui

145 3315 314 3378 vicariatus
331 3317 517 3395 episcopus;
545 3333 600 3374 nec
626 3314 698 3375 ideo
729 3313 863 3394 acquirit
881 3311 1007 3374 titulum
1032 3312 1080 3373 sui

147 3409 345 3488 episcopatus
361 3410 401 3470 ab
415 3408 547 3470 ecclesia
559 3408 606 3470 sui
622 3406 791 3469 vicariatus
804 3425 811 3480 ;
829 3424 886 3467 nec
902 3405 998 3467 habet
1013 3405 1081 3467 ofli-

148 3502 233 3564 cium
246 3506 444 3582 perpetuum,
465 3502 522 3564 sed
539 3520 624 3562 mere
649 3500 846 3582 precarium3
864 3518 922 3560 uec
937 3496 1013 3559 dicit
1027 3496 1079 3579 jus
