<?xml version="1.0" encoding="UTF-8"?>
<!DOCTYPE html PUBLIC "-//W3C//DTD XHTML 1.0 Transitional//EN"
    "http://www.w3.org/TR/xhtml1/DTD/xhtml1-transitional.dtd">
<html xmlns="http://www.w3.org/1999/xhtml" xml:lang="en" lang="en">
 <head>
  <title>
</title>
<meta http-equiv="Content-Type" content="text/html;charset=utf-8" />
  <meta name='ocr-system' content='tesseract 3.04.00' />
  <meta name='ocr-capabilities' content='ocr_page ocr_carea ocr_par ocr_line ocrx_word'/>
</head>
<body>
  <div class='ocr_page' id='page_1' title='image "./institutionesju02marigoog_0112.png"; bbox 0 0 2546 4016; ppageno 0'>
   <div class='ocr_carea' id='block_1_1' title="bbox 344 241 1093 304">
    <p class='ocr_par' dir='ltr' id='par_1_1' title="bbox 344 241 1093 304">
     <span class='ocr_line' id='line_1_1' title="bbox 344 241 1093 304; baseline 0.011 -7"><span class='ocrx_word' id='word_1_1' title='bbox 344 251 452 299; x_wconf 77' lang='lat' dir='ltr'><strong>muca</strong></span> <span class='ocrx_word' id='word_1_2' title='bbox 474 251 625 299; x_wconf 82' lang='lat' dir='ltr'><strong>sreouns</strong></span> <span class='ocrx_word' id='word_1_3' title='bbox 646 253 728 300; x_wconf 81' lang='lat' dir='ltr'><strong>sums</strong></span> <span class='ocrx_word' id='word_1_4' title='bbox 750 253 904 304; x_wconf 74' lang='lat' dir='ltr'><strong>curonrcr.</strong></span> <span class='ocrx_word' id='word_1_5' title='bbox 1036 241 1093 304; x_wconf 80' lang='lat'><strong>105</strong></span> 
     </span>
    </p>
   </div>
   <div class='ocr_carea' id='block_1_2' title="bbox 167 395 1094 1219">
    <p class='ocr_par' dir='ltr' id='par_1_2' title="bbox 167 395 1094 1122">
     <span class='ocr_line' id='line_1_2' title="bbox 173 395 1093 480; baseline 0.007 -23"><span class='ocrx_word' id='word_1_6' title='bbox 173 395 1093 480; x_wconf 80' lang='lat' dir='ltr'><strong>partescientiaeprogressusseuadultiorscientiapostulare</strong></span> 
     </span>
     <span class='ocr_line' id='line_1_3' title="bbox 173 489 1093 573; baseline 0.007 -23"><span class='ocrx_word' id='word_1_7' title='bbox 173 489 327 550; x_wconf 83' lang='lat' dir='ltr'><strong>videbatur</strong></span> <span class='ocrx_word' id='word_1_8' title='bbox 339 493 375 550; x_wconf 89' lang='lat' dir='ltr'><strong>ut</strong></span> <span class='ocrx_word' id='word_1_9' title='bbox 386 489 486 551; x_wconf 82' lang='lat' dir='ltr'><strong>codex</strong></span> <span class='ocrx_word' id='word_1_10' title='bbox 501 490 552 550; x_wconf 93' lang='lat' dir='ltr'><strong>hic</strong></span> <span class='ocrx_word' id='word_1_11' title='bbox 569 490 799 567; x_wconf 79' lang='lat' dir='ltr'><strong>emendaretur,</strong></span> <span class='ocrx_word' id='word_1_12' title='bbox 814 512 853 552; x_wconf 90' lang='lat' dir='ltr'><strong>ne</strong></span> <span class='ocrx_word' id='word_1_13' title='bbox 866 493 1011 556; x_wconf 90' lang='lat' dir='ltr'><strong>videlicet</strong></span> <span class='ocrx_word' id='word_1_14' title='bbox 1025 513 1093 573; x_wconf 91' lang='lat' dir='ltr'><strong>per·</strong></span> 
     </span>
     <span class='ocr_line' id='line_1_4' title="bbox 174 582 1094 666; baseline 0.008 -24"><span class='ocrx_word' id='word_1_15' title='bbox 174 582 337 643; x_wconf 80' lang='lat' dir='ltr'><strong>mitteretur</strong></span> <span class='ocrx_word' id='word_1_16' title='bbox 351 585 386 643; x_wconf 88' lang='lat' dir='ltr'><strong>ut</strong></span> <span class='ocrx_word' id='word_1_17' title='bbox 398 582 430 642; x_wconf 80' lang='lat' dir='ltr'><strong>In</strong></span> <span class='ocrx_word' id='word_1_18' title='bbox 443 584 531 644; x_wconf 86' lang='lat' dir='ltr'><strong>tanta</strong></span> <span class='ocrx_word' id='word_1_19' title='bbox 541 583 678 644; x_wconf 88' lang='lat' dir='ltr'><strong>scientiae</strong></span> <span class='ocrx_word' id='word_1_20' title='bbox 691 585 761 644; x_wconf 88' lang='lat' dir='ltr'><strong>luce</strong></span> <span class='ocrx_word' id='word_1_21' title='bbox 777 583 873 646; x_wconf 94' lang='lat' dir='ltr'><strong>libere</strong></span> <span class='ocrx_word' id='word_1_22' title='bbox 883 590 1094 666; x_wconf 77' lang='lat' dir='ltr'><strong>perrogarent</strong></span> 
     </span>
     <span class='ocr_line' id='line_1_5' title="bbox 174 669 1089 756; baseline 0.008 -23"><span class='ocrx_word' id='word_1_23' title='bbox 174 678 365 735; x_wconf 89' lang='lat' dir='ltr'><strong>monumenta</strong></span> <span class='ocrx_word' id='word_1_24' title='bbox 383 669 576 753; x_wconf 85' lang='lat' dir='ltr'><strong>apocrypha,</strong></span> <span class='ocrx_word' id='word_1_25' title='bbox 593 677 782 755; x_wconf 88' lang='lat' dir='ltr'><strong>interpolata</strong></span> <span class='ocrx_word' id='word_1_26' title='bbox 805 679 855 738; x_wconf 93' lang='lat' dir='ltr'><strong>vel</strong></span> <span class='ocrx_word' id='word_1_27' title='bbox 877 679 1089 756; x_wconf 80' lang='lat' dir='ltr'><strong>supposititia3</strong></span> 
     </span>
     <span class='ocr_line' id='line_1_6' title="bbox 173 767 1092 850; baseline 0.009 -24"><span class='ocrx_word' id='word_1_28' title='bbox 173 787 206 827; x_wconf 79' lang='lat' dir='ltr'><strong>ex</strong></span> <span class='ocrx_word' id='word_1_29' title='bbox 217 767 356 829; x_wconf 83' lang='lat' dir='ltr'><strong>allavero</strong></span> <span class='ocrx_word' id='word_1_30' title='bbox 367 769 544 829; x_wconf 86' lang='lat' dir='ltr'><strong>cavendum</strong></span> <span class='ocrx_word' id='word_1_31' title='bbox 558 773 675 830; x_wconf 88' lang='lat' dir='ltr'><strong>eratne</strong></span> <span class='ocrx_word' id='word_1_32' title='bbox 688 773 839 850; x_wconf 87' lang='lat' dir='ltr'><strong>tanquam</strong></span> <span class='ocrx_word' id='word_1_33' title='bbox 853 772 1045 850; x_wconf 87' lang='lat' dir='ltr'><strong>apocrypha,</strong></span> <span class='ocrx_word' id='word_1_34' title='bbox 1061 776 1092 834; x_wconf 88' lang='lat' dir='ltr'><strong>et</strong></span> 
     </span>
     <span class='ocr_line' id='line_1_7' title="bbox 170 861 1093 940; baseline 0.005 -20"><span class='ocrx_word' id='word_1_35' title='bbox 170 878 238 920; x_wconf 89' lang='lat' dir='ltr'><strong>vera</strong></span> <span class='ocrx_word' id='word_1_36' title='bbox 248 863 453 920; x_wconf 89' lang='lat' dir='ltr'><strong>monumenta</strong></span> <span class='ocrx_word' id='word_1_37' title='bbox 466 861 681 940; x_wconf 80' lang='lat' dir='ltr'><strong>rejicerentur,</strong></span> <span class='ocrx_word' id='word_1_38' title='bbox 701 865 732 922; x_wconf 91' lang='lat' dir='ltr'><strong>et</strong></span> <span class='ocrx_word' id='word_1_39' title='bbox 746 862 911 940; x_wconf 89' lang='lat' dir='ltr'><strong>disciplina</strong></span> <span class='ocrx_word' id='word_1_40' title='bbox 929 863 1093 925; x_wconf 88' lang='lat' dir='ltr'><strong>ecclesias-</strong></span> 
     </span>
     <span class='ocr_line' id='line_1_8' title="bbox 169 951 1091 1032; baseline 0.007 -20"><span class='ocrx_word' id='word_1_41' title='bbox 169 952 225 1012; x_wconf 87' lang='lat' dir='ltr'><strong>tica</strong></span> <span class='ocrx_word' id='word_1_42' title='bbox 239 971 308 1030; x_wconf 82' lang='lat' dir='ltr'><strong>quae</strong></span> <span class='ocrx_word' id='word_1_43' title='bbox 330 951 388 1013; x_wconf 91' lang='lat' dir='ltr'><strong>sub</strong></span> <span class='ocrx_word' id='word_1_44' title='bbox 409 953 528 1013; x_wconf 88' lang='lat' dir='ltr'><strong>influxu</strong></span> <span class='ocrx_word' id='word_1_45' title='bbox 547 953 673 1014; x_wconf 88' lang='lat' dir='ltr'><strong>illorum</strong></span> <span class='ocrx_word' id='word_1_46' title='bbox 687 955 738 1015; x_wconf 82' lang='lat' dir='ltr'><strong>vel</strong></span> <span class='ocrx_word' id='word_1_47' title='bbox 751 955 940 1032; x_wconf 91' lang='lat' dir='ltr'><strong>introducta,</strong></span> <span class='ocrx_word' id='word_1_48' title='bbox 957 956 1007 1016; x_wconf 91' lang='lat' dir='ltr'><strong>vel</strong></span> <span class='ocrx_word' id='word_1_49' title='bbox 1019 975 1091 1018; x_wconf 85' lang='lat' dir='ltr'><strong>cou-</strong></span> 
     </span>
     <span class='ocr_line' id='line_1_9' title="bbox 167 1045 675 1122; baseline 0.01 -18"><span class='ocrx_word' id='word_1_50' title='bbox 167 1046 284 1120; x_wconf 85' lang='lat' dir='ltr'><strong>firmata</strong></span> <span class='ocrx_word' id='word_1_51' title='bbox 298 1045 411 1122; x_wconf 88' lang='lat' dir='ltr'><strong>Inerat,</strong></span> <span class='ocrx_word' id='word_1_52' title='bbox 428 1047 675 1109; x_wconf 85' lang='lat' dir='ltr'><strong>subverteretur.</strong></span> 
     </span>
    </p>

    <p class='ocr_par' dir='ltr' id='par_1_3' title="bbox 202 1138 1091 1219">
     <span class='ocr_line' id='line_1_10' title="bbox 202 1138 1091 1219; baseline 0.004 -21"><span class='ocrx_word' id='word_1_53' title='bbox 202 1138 297 1216; x_wconf 84' lang='lat' dir='ltr'><strong>Igitur</strong></span> <span class='ocrx_word' id='word_1_54' title='bbox 307 1139 440 1198; x_wconf 87' lang='lat' dir='ltr'><strong>Romani</strong></span> <span class='ocrx_word' id='word_1_55' title='bbox 456 1139 621 1200; x_wconf 86' lang='lat' dir='ltr'><strong>Pontifices</strong></span> <span class='ocrx_word' id='word_1_56' title='bbox 631 1140 672 1199; x_wconf 88' lang='lat' dir='ltr'><strong>ad</strong></span> <span class='ocrx_word' id='word_1_57' title='bbox 686 1157 719 1200; x_wconf 90' lang='lat' dir='ltr'><strong>se</strong></span> <span class='ocrx_word' id='word_1_58' title='bbox 734 1141 897 1201; x_wconf 85' lang='lat' dir='ltr'><strong>traxerunt</strong></span> <span class='ocrx_word' id='word_1_59' title='bbox 906 1141 988 1202; x_wconf 87' lang='lat' dir='ltr'><strong>hanc</strong></span> <span class='ocrx_word' id='word_1_60' title='bbox 1001 1141 1091 1219; x_wconf 90' lang='lat' dir='ltr'><strong>perfi-</strong></span> 
     </span>
    </p>
   </div>
   <div class='ocr_carea' id='block_1_3' title="bbox 165 1230 1209 1310">
    <p class='ocr_par' dir='ltr' id='par_1_4' title="bbox 165 1230 1209 1310">
     <span class='ocr_line' id='line_1_11' title="bbox 165 1230 1209 1310; baseline 0.006 -20"><span class='ocrx_word' id='word_1_61' title='bbox 165 1230 304 1292; x_wconf 88' lang='lat' dir='ltr'><strong>ciendam</strong></span> <span class='ocrx_word' id='word_1_62' title='bbox 323 1231 586 1292; x_wconf 80' lang='lat' dir='ltr'><strong>emendationem.</strong></span> <span class='ocrx_word' id='word_1_63' title='bbox 609 1231 783 1294; x_wconf 81' lang='lat' dir='ltr'><strong>Constituta</strong></span> <span class='ocrx_word' id='word_1_64' title='bbox 804 1231 863 1294; x_wconf 87' lang='lat' dir='ltr'><strong>fuit</strong></span> <span class='ocrx_word' id='word_1_65' title='bbox 877 1234 934 1294; x_wconf 92' lang='lat' dir='ltr'><strong>sub</strong></span> <span class='ocrx_word' id='word_1_66' title='bbox 958 1233 1013 1295; x_wconf 90' lang='lat' dir='ltr'><strong>Pio</strong></span> <span class='ocrx_word' id='word_1_67' title='bbox 1037 1236 1089 1310; x_wconf 91' lang='lat' dir='ltr'><strong>IV,</strong></span> <span class='ocrx_word' id='word_1_68' title='bbox 1205 1289 1209 1296; x_wconf 93' lang='lat'><em>.</em></span> 
     </span>
    </p>
   </div>
   <div class='ocr_carea' id='block_1_4' title="bbox 158 1323 1092 2405">
    <p class='ocr_par' dir='ltr' id='par_1_5' title="bbox 158 1323 1092 2405">
     <span class='ocr_line' id='line_1_12' title="bbox 163 1323 1091 1408; baseline 0.006 -26"><span class='ocrx_word' id='word_1_69' title='bbox 163 1327 192 1384; x_wconf 93' lang='lat' dir='ltr'><strong>et</strong></span> <span class='ocrx_word' id='word_1_70' title='bbox 205 1325 235 1385; x_wconf 88' lang='lat' dir='ltr'><strong>S.</strong></span> <span class='ocrx_word' id='word_1_71' title='bbox 254 1323 309 1383; x_wconf 92' lang='lat' dir='ltr'><strong>Pio</strong></span> <span class='ocrx_word' id='word_1_72' title='bbox 321 1325 359 1400; x_wconf 87' lang='lat' dir='ltr'><strong>V,</strong></span> <span class='ocrx_word' id='word_1_73' title='bbox 378 1324 524 1403; x_wconf 89' lang='lat' dir='ltr'><strong>quaedam</strong></span> <span class='ocrx_word' id='word_1_74' title='bbox 535 1324 737 1408; x_wconf 87' lang='lat' dir='ltr'><strong>congregatio</strong></span> <span class='ocrx_word' id='word_1_75' title='bbox 752 1325 948 1387; x_wconf 91' lang='lat' dir='ltr'><strong>eruditorum</strong></span> <span class='ocrx_word' id='word_1_76' title='bbox 957 1326 1091 1406; x_wconf 85' lang='lat' dir='ltr'><strong>jurispe-</strong></span> 
     </span>
     <span class='ocr_line' id='line_1_13' title="bbox 162 1416 1091 1497; baseline 0.005 -21"><span class='ocrx_word' id='word_1_77' title='bbox 162 1417 292 1478; x_wconf 92' lang='lat' dir='ltr'><strong>ritorum</strong></span> <span class='ocrx_word' id='word_1_78' title='bbox 308 1416 361 1494; x_wconf 90' lang='lat' dir='ltr'><strong>qui</strong></span> <span class='ocrx_word' id='word_1_79' title='bbox 375 1417 449 1476; x_wconf 88' lang='lat' dir='ltr'><strong>dieti</strong></span> <span class='ocrx_word' id='word_1_80' title='bbox 462 1421 535 1478; x_wconf 89' lang='lat' dir='ltr'><strong>sunt</strong></span> <span class='ocrx_word' id='word_1_81' title='bbox 552 1427 726 1477; x_wconf 77' lang='lat' dir='ltr'><strong>correctores</strong></span> <span class='ocrx_word' id='word_1_82' title='bbox 744 1419 868 1478; x_wconf 80' lang='lat' dir='ltr'><strong>romani.</strong></span> <span class='ocrx_word' id='word_1_83' title='bbox 896 1419 946 1480; x_wconf 88' lang='lat' dir='ltr'><strong>Sic</strong></span> <span class='ocrx_word' id='word_1_84' title='bbox 964 1437 1022 1497; x_wconf 90' lang='lat' dir='ltr'><strong>per</strong></span> <span class='ocrx_word' id='word_1_85' title='bbox 1037 1437 1091 1481; x_wconf 89' lang='lat' dir='ltr'><strong>eos</strong></span> 
     </span>
     <span class='ocr_line' id='line_1_14' title="bbox 162 1507 1090 1588; baseline 0.002 -19"><span class='ocrx_word' id='word_1_86' title='bbox 162 1509 363 1570; x_wconf 86' lang='lat' dir='ltr'><strong>emendatum</strong></span> <span class='ocrx_word' id='word_1_87' title='bbox 375 1507 434 1571; x_wconf 85' lang='lat' dir='ltr'><strong>fuit</strong></span> <span class='ocrx_word' id='word_1_88' title='bbox 445 1509 606 1570; x_wconf 89' lang='lat' dir='ltr'><strong>decretum</strong></span> <span class='ocrx_word' id='word_1_89' title='bbox 617 1509 771 1584; x_wconf 82' lang='lat' dir='ltr'><strong>Gratiani3</strong></span> <span class='ocrx_word' id='word_1_90' title='bbox 790 1513 821 1571; x_wconf 92' lang='lat' dir='ltr'><strong>et</strong></span> <span class='ocrx_word' id='word_1_91' title='bbox 832 1510 960 1571; x_wconf 90' lang='lat' dir='ltr'><strong>tandem</strong></span> <span class='ocrx_word' id='word_1_92' title='bbox 974 1510 1090 1588; x_wconf 84' lang='lat' dir='ltr'><strong>publici</strong></span> 
     </span>
     <span class='ocr_line' id='line_1_15' title="bbox 158 1601 1091 1682; baseline -0.004 -18"><span class='ocrx_word' id='word_1_93' title='bbox 158 1601 235 1682; x_wconf 86' lang='lat' dir='ltr'><strong>juris</strong></span> <span class='ocrx_word' id='word_1_94' title='bbox 250 1602 427 1662; x_wconf 86' lang='lat' dir='ltr'><strong>factumest</strong></span> <span class='ocrx_word' id='word_1_95' title='bbox 441 1602 500 1662; x_wconf 88' lang='lat' dir='ltr'><strong>sub</strong></span> <span class='ocrx_word' id='word_1_96' title='bbox 515 1602 664 1679; x_wconf 82' lang='lat' dir='ltr'><strong>Gregorio</strong></span> <span class='ocrx_word' id='word_1_97' title='bbox 675 1603 755 1678; x_wconf 88' lang='lat' dir='ltr'>XIII,</span> <span class='ocrx_word' id='word_1_98' title='bbox 773 1602 826 1680; x_wconf 91' lang='lat' dir='ltr'><strong>qui</strong></span> <span class='ocrx_word' id='word_1_99' title='bbox 840 1602 955 1662; x_wconf 89' lang='lat' dir='ltr'><strong>cumin</strong></span> <span class='ocrx_word' id='word_1_100' title='bbox 965 1601 1091 1662; x_wconf 92' lang='lat' dir='ltr'><strong>minori-</strong></span> 
     </span>
     <span class='ocr_line' id='line_1_16' title="bbox 160 1693 1092 1774; baseline -0.001 -20"><span class='ocrx_word' id='word_1_101' title='bbox 160 1693 217 1754; x_wconf 89' lang='lat' dir='ltr'><strong>bus</strong></span> <span class='ocrx_word' id='word_1_102' title='bbox 230 1697 323 1770; x_wconf 85' lang='lat' dir='ltr'><strong>esset,</strong></span> <span class='ocrx_word' id='word_1_103' title='bbox 339 1693 432 1774; x_wconf 87' lang='lat' dir='ltr'><strong>hujus</strong></span> <span class='ocrx_word' id='word_1_104' title='bbox 442 1694 694 1772; x_wconf 87' lang='lat' dir='ltr'><strong>congregationis</strong></span> <span class='ocrx_word' id='word_1_105' title='bbox 704 1694 881 1755; x_wconf 89' lang='lat' dir='ltr'><strong>membrum</strong></span> <span class='ocrx_word' id='word_1_106' title='bbox 893 1693 1004 1754; x_wconf 89' lang='lat' dir='ltr'><strong>fuerat.</strong></span> <span class='ocrx_word' id='word_1_107' title='bbox 1018 1693 1092 1765; x_wconf 86' lang='lat' dir='ltr'><strong>Qui-</strong></span> 
     </span>
     <span class='ocr_line' id='line_1_17' title="bbox 161 1785 1090 1870; baseline -0.002 -23"><span class='ocrx_word' id='word_1_108' title='bbox 161 1805 220 1865; x_wconf 82' lang='lat' dir='ltr'><strong>que</strong></span> <span class='ocrx_word' id='word_1_109' title='bbox 241 1787 473 1863; x_wconf 85' lang='lat' dir='ltr'><strong>constitutione,</strong></span> <span class='ocrx_word' id='word_1_110' title='bbox 498 1806 563 1847; x_wconf 84' lang='lat' dir='ltr'><strong>cum</strong></span> <span class='ocrx_word' id='word_1_111' title='bbox 572 1809 630 1870; x_wconf 80' lang='lat' dir='ltr'><strong>pro</strong></span> <span class='ocrx_word' id='word_1_112' title='bbox 647 1805 764 1847; x_wconf 82' lang='lat' dir='ltr'><strong>monere</strong></span> <span class='ocrx_word' id='word_1_113' title='bbox 781 1785 938 1867; x_wconf 70' lang='lat' dir='ltr'><strong>pastorales</strong></span> <span class='ocrx_word' id='word_1_114' title='bbox 951 1785 1090 1846; x_wconf 79' lang='lat' dir='ltr'><strong>sollicitu-</strong></span> 
     </span>
     <span class='ocr_line' id='line_1_18' title="bbox 160 1878 1090 1960; baseline 0 -22"><span class='ocrx_word' id='word_1_115' title='bbox 160 1878 247 1954; x_wconf 80' lang='lat' dir='ltr'><strong>dinis,</strong></span> <span class='ocrx_word' id='word_1_116' title='bbox 265 1879 316 1940; x_wconf 91' lang='lat' dir='ltr'><strong>die</strong></span> <span class='ocrx_word' id='word_1_117' title='bbox 336 1879 465 1960; x_wconf 85' lang='lat' dir='ltr'><strong>l⁰.junii</strong></span> <span class='ocrx_word' id='word_1_118' title='bbox 486 1884 564 1942; x_wconf 74' lang='lat'><strong>1582</strong></span> <span class='ocrx_word' id='word_1_119' title='bbox 586 1881 709 1956; x_wconf 88' lang='lat' dir='ltr'><strong>emissa,</strong></span> <span class='ocrx_word' id='word_1_120' title='bbox 731 1880 929 1959; x_wconf 88' lang='lat' dir='ltr'><strong>gratianeum</strong></span> <span class='ocrx_word' id='word_1_121' title='bbox 947 1897 1025 1957; x_wconf 88' lang='lat' dir='ltr'><strong>opus</strong></span> <span class='ocrx_word' id='word_1_122' title='bbox 1046 1878 1090 1938; x_wconf 88' lang='lat' dir='ltr'><strong>sic</strong></span> 
     </span>
     <span class='ocr_line' id='line_1_19' title="bbox 162 1972 1091 2052; baseline -0.002 -20"><span class='ocrx_word' id='word_1_123' title='bbox 162 1972 364 2032; x_wconf 91' lang='lat' dir='ltr'><strong>emendatum</strong></span> <span class='ocrx_word' id='word_1_124' title='bbox 389 1973 599 2052; x_wconf 84' lang='lat' dir='ltr'><strong>promulgavit</strong></span> <span class='ocrx_word' id='word_1_125' title='bbox 617 1973 885 2051; x_wconf 84' lang='lat' dir='ltr'><strong>confirmavitque,</strong></span> <span class='ocrx_word' id='word_1_126' title='bbox 910 1975 941 2033; x_wconf 88' lang='lat' dir='ltr'><strong>et</strong></span> <span class='ocrx_word' id='word_1_127' title='bbox 963 1975 1091 2032; x_wconf 89' lang='lat' dir='ltr'><strong>cautum</strong></span> 
     </span>
     <span class='ocr_line' id='line_1_20' title="bbox 162 2063 1090 2144; baseline -0.001 -20"><span class='ocrx_word' id='word_1_128' title='bbox 162 2065 260 2125; x_wconf 91' lang='lat' dir='ltr'><strong>voluit</strong></span> <span class='ocrx_word' id='word_1_129' title='bbox 274 2083 314 2124; x_wconf 92' lang='lat' dir='ltr'><strong>ne</strong></span> <span class='ocrx_word' id='word_1_130' title='bbox 328 2065 396 2124; x_wconf 89' lang='lat' dir='ltr'><strong>baec</strong></span> <span class='ocrx_word' id='word_1_131' title='bbox 407 2065 475 2144; x_wconf 89' lang='lat' dir='ltr'><strong>ipsa</strong></span> <span class='ocrx_word' id='word_1_132' title='bbox 488 2065 598 2126; x_wconf 82' lang='lat' dir='ltr'><strong>decreti</strong></span> <span class='ocrx_word' id='word_1_133' title='bbox 611 2065 750 2128; x_wconf 80' lang='lat' dir='ltr'><strong>Gratiani</strong></span> <span class='ocrx_word' id='word_1_134' title='bbox 762 2063 938 2132; x_wconf 79' lang='lat' dir='ltr'><strong>emendatio</strong></span> <span class='ocrx_word' id='word_1_135' title='bbox 954 2064 1090 2142; x_wconf 90' lang='lat' dir='ltr'><strong>privato·</strong></span> 
     </span>
     <span class='ocr_line' id='line_1_21' title="bbox 163 2157 1089 2235; baseline -0.002 -17"><span class='ocrx_word' id='word_1_136' title='bbox 163 2176 233 2218; x_wconf 92' lang='lat' dir='ltr'><strong>rum</strong></span> <span class='ocrx_word' id='word_1_137' title='bbox 248 2157 487 2234; x_wconf 85' lang='lat' dir='ltr'><strong>arbitricfieret,</strong></span> <span class='ocrx_word' id='word_1_138' title='bbox 504 2177 583 2220; x_wconf 86' lang='lat' dir='ltr'><strong>neve</strong></span> <span class='ocrx_word' id='word_1_139' title='bbox 605 2159 649 2218; x_wconf 90' lang='lat' dir='ltr'><strong>sio</strong></span> <span class='ocrx_word' id='word_1_140' title='bbox 662 2157 792 2220; x_wconf 89' lang='lat' dir='ltr'><strong>feliciter</strong></span> <span class='ocrx_word' id='word_1_141' title='bbox 811 2160 939 2235; x_wconf 88' lang='lat' dir='ltr'><strong>peracta</strong></span> <span class='ocrx_word' id='word_1_142' title='bbox 961 2159 1089 2217; x_wconf 86' lang='lat' dir='ltr'><strong>annota-</strong></span> 
     </span>
     <span class='ocr_line' id='line_1_22' title="bbox 161 2249 1090 2330; baseline 0 -20"><span class='ocrx_word' id='word_1_143' title='bbox 161 2249 310 2326; x_wconf 90' lang='lat' dir='ltr'><strong>tionibus,</strong></span> <span class='ocrx_word' id='word_1_144' title='bbox 321 2249 372 2310; x_wconf 91' lang='lat' dir='ltr'><strong>vel</strong></span> <span class='ocrx_word' id='word_1_145' title='bbox 386 2251 455 2311; x_wconf 90' lang='lat' dir='ltr'><strong>aliis</strong></span> <span class='ocrx_word' id='word_1_146' title='bbox 467 2251 647 2330; x_wconf 84' lang='lat' dir='ltr'><strong>hujusmodi</strong></span> <span class='ocrx_word' id='word_1_147' title='bbox 664 2249 886 2327; x_wconf 87' lang='lat' dir='ltr'><strong>additionibus,</strong></span> <span class='ocrx_word' id='word_1_148' title='bbox 902 2249 951 2310; x_wconf 88' lang='lat' dir='ltr'><strong>vel</strong></span> <span class='ocrx_word' id='word_1_149' title='bbox 966 2249 1090 2310; x_wconf 80' lang='lat' dir='ltr'><strong>detrac-</strong></span> 
     </span>
     <span class='ocr_line' id='line_1_23' title="bbox 159 2343 667 2405; baseline 0 -1"><span class='ocrx_word' id='word_1_150' title='bbox 159 2343 329 2404; x_wconf 87' lang='lat' dir='ltr'><strong>tationibus</strong></span> <span class='ocrx_word' id='word_1_151' title='bbox 343 2343 459 2404; x_wconf 84' lang='lat' dir='ltr'><strong>Inutilis</strong></span> <span class='ocrx_word' id='word_1_152' title='bbox 473 2344 667 2405; x_wconf 89' lang='lat' dir='ltr'><strong>redderetur.</strong></span> 
     </span>
    </p>
   </div>
   <div class='ocr_carea' id='block_1_5' title="bbox 361 2533 873 2584">
    <p class='ocr_par' dir='ltr' id='par_1_6' title="bbox 361 2533 873 2584">
     <span class='ocr_line' id='line_1_24' title="bbox 361 2533 873 2584; baseline 0.002 -11"><span class='ocrx_word' id='word_1_153' title='bbox 361 2533 372 2584; x_wconf 77' lang='grc' dir='ltr'>ς</span> <span class='ocrx_word' id='word_1_154' title='bbox 386 2535 413 2576; x_wconf 91' lang='lat'><strong>11.</strong></span> <span class='ocrx_word' id='word_1_155' title='bbox 422 2543 453 2575; x_wconf 77' lang='lat' dir='ltr'><strong>ur</strong></span> <span class='ocrx_word' id='word_1_156' title='bbox 462 2543 629 2576; x_wconf 71' lang='lat' dir='ltr'><strong>nuoromraru</strong></span> <span class='ocrx_word' id='word_1_157' title='bbox 639 2541 740 2576; x_wconf 76' lang='lat' dir='ltr'><strong>urceum</strong></span> <span class='ocrx_word' id='word_1_158' title='bbox 749 2540 873 2575; x_wconf 73' lang='lat' dir='ltr'><strong>asurim.</strong></span> 
     </span>
    </p>
   </div>
   <div class='ocr_carea' id='block_1_6' title="bbox 160 2695 1088 3053">
    <p class='ocr_par' dir='ltr' id='par_1_7' title="bbox 160 2695 1088 3053">
     <span class='ocr_line' id='line_1_25' title="bbox 200 2695 1088 2776; baseline -0.006 -17"><span class='ocrx_word' id='word_1_159' title='bbox 200 2699 250 2759; x_wconf 88' lang='lat' dir='ltr'><strong>Vl.</strong></span> <span class='ocrx_word' id='word_1_160' title='bbox 268 2696 301 2758; x_wconf 84' lang='lat' dir='ltr'><strong>si</strong></span> <span class='ocrx_word' id='word_1_161' title='bbox 316 2696 454 2758; x_wconf 89' lang='lat' dir='ltr'><strong>indolem</strong></span> <span class='ocrx_word' id='word_1_162' title='bbox 467 2702 643 2776; x_wconf 85' lang='lat' dir='ltr'><strong>spectemus</strong></span> <span class='ocrx_word' id='word_1_163' title='bbox 662 2698 712 2759; x_wconf 92' lang='lat' dir='ltr'><strong>vel</strong></span> <span class='ocrx_word' id='word_1_164' title='bbox 733 2695 894 2776; x_wconf 80' lang='lat' dir='ltr'><strong>ingenium</strong></span> <span class='ocrx_word' id='word_1_165' title='bbox 914 2695 1088 2756; x_wconf 85' lang='lat' dir='ltr'><strong>collectoris</strong></span> 
     </span>
     <span class='ocr_line' id='line_1_26' title="bbox 162 2787 1088 2870; baseline -0.002 -20"><span class='ocrx_word' id='word_1_166' title='bbox 162 2789 309 2867; x_wconf 84' lang='lat' dir='ltr'><strong>Gratiani,</strong></span> <span class='ocrx_word' id='word_1_167' title='bbox 340 2790 520 2870; x_wconf 87' lang='lat' dir='ltr'><strong>hujusmodi</strong></span> <span class='ocrx_word' id='word_1_168' title='bbox 553 2790 693 2851; x_wconf 89' lang='lat' dir='ltr'><strong>collectio</strong></span> <span class='ocrx_word' id='word_1_169' title='bbox 719 2788 881 2850; x_wconf 81' lang='lat' dir='ltr'><strong>indubiam</strong></span> <span class='ocrx_word' id='word_1_170' title='bbox 906 2787 1002 2849; x_wconf 86' lang='lat' dir='ltr'><strong>fidem</strong></span> <span class='ocrx_word' id='word_1_171' title='bbox 1024 2806 1088 2849; x_wconf 92' lang='lat' dir='ltr'><strong>non</strong></span> 
     </span>
     <span class='ocr_line' id='line_1_27' title="bbox 160 2879 1087 2961; baseline -0.003 -19"><span class='ocrx_word' id='word_1_172' title='bbox 160 2885 315 2959; x_wconf 89' lang='lat' dir='ltr'><strong>meretur,</strong></span> <span class='ocrx_word' id='word_1_173' title='bbox 356 2901 418 2942; x_wconf 92' lang='lat' dir='ltr'><strong>non</strong></span> <span class='ocrx_word' id='word_1_174' title='bbox 448 2883 575 2961; x_wconf 90' lang='lat' dir='ltr'><strong>quidem</strong></span> <span class='ocrx_word' id='word_1_175' title='bbox 602 2901 639 2942; x_wconf 83' lang='lat' dir='ltr'><strong>ex</strong></span> <span class='ocrx_word' id='word_1_176' title='bbox 674 2882 798 2944; x_wconf 88' lang='lat' dir='ltr'><strong>defectu</strong></span> <span class='ocrx_word' id='word_1_177' title='bbox 825 2881 1000 2960; x_wconf 85' lang='lat' dir='ltr'><strong>probitatis,</strong></span> <span class='ocrx_word' id='word_1_178' title='bbox 1032 2879 1087 2940; x_wconf 88' lang='lat' dir='ltr'><strong>sed</strong></span> 
     </span>
     <span class='ocr_line' id='line_1_28' title="bbox 160 2970 1086 3053; baseline -0.006 -17"><span class='ocrx_word' id='word_1_179' title='bbox 160 2975 261 3053; x_wconf 85' lang='lat' dir='ltr'><strong>potius</strong></span> <span class='ocrx_word' id='word_1_180' title='bbox 290 2993 328 3036; x_wconf 85' lang='lat' dir='ltr'><strong>ex</strong></span> <span class='ocrx_word' id='word_1_181' title='bbox 354 2975 500 3036; x_wconf 85' lang='lat' dir='ltr'><strong>scientiae·</strong></span> <span class='ocrx_word' id='word_1_182' title='bbox 516 2975 649 3038; x_wconf 88' lang='lat' dir='ltr'><strong>defectu.</strong></span> <span class='ocrx_word' id='word_1_183' title='bbox 675 2977 752 3037; x_wconf 87' lang='lat' dir='ltr'><strong>Gum</strong></span> <span class='ocrx_word' id='word_1_184' title='bbox 785 2974 868 3034; x_wconf 87' lang='lat' dir='ltr'><strong>enim</strong></span> <span class='ocrx_word' id='word_1_185' title='bbox 897 2973 963 3050; x_wconf 89' lang='lat' dir='ltr'><strong>ipse</strong></span> <span class='ocrx_word' id='word_1_186' title='bbox 992 2970 1086 3049; x_wconf 87' lang='lat' dir='ltr'><strong>graeei</strong></span> 
     </span>
    </p>
   </div>
   <div class='ocr_carea' id='block_1_7' title="bbox 160 3055 1247 3147">
    <p class='ocr_par' dir='ltr' id='par_1_8' title="bbox 160 3055 1247 3147">
     <span class='ocr_line' id='line_1_29' title="bbox 160 3055 1247 3147; baseline -0.002 -20"><span class='ocrx_word' id='word_1_187' title='bbox 160 3067 315 3134; x_wconf 86' lang='lat' dir='ltr'><strong>idiomatis</strong></span> <span class='ocrx_word' id='word_1_188' title='bbox 343 3067 506 3147; x_wconf 87' lang='lat' dir='ltr'><strong>imperitus</strong></span> <span class='ocrx_word' id='word_1_189' title='bbox 541 3072 632 3144; x_wconf 91' lang='lat' dir='ltr'><strong>esset,</strong></span> <span class='ocrx_word' id='word_1_190' title='bbox 656 3072 687 3129; x_wconf 87' lang='lat' dir='ltr'><strong>et</strong></span> <span class='ocrx_word' id='word_1_191' title='bbox 714 3069 746 3128; x_wconf 95' lang='lat' dir='ltr'><strong>in</strong></span> <span class='ocrx_word' id='word_1_192' title='bbox 775 3086 812 3127; x_wconf 89' lang='lat' dir='ltr'><strong>ea</strong></span> <span class='ocrx_word' id='word_1_193' title='bbox 838 3065 965 3128; x_wconf 83' lang='lat' dir='ltr'><strong>vixisset</strong></span> <span class='ocrx_word' id='word_1_194' title='bbox 995 3066 1086 3126; x_wconf 84' lang='lat' dir='ltr'><strong>aetatc</strong></span> <span class='ocrx_word' id='word_1_195' title='bbox 1182 3086 1196 3109; x_wconf 91' lang='lat'><strong>·</strong></span> <span class='ocrx_word' id='word_1_196' title='bbox 1246 3055 1247 3100; x_wconf 63' lang='lat'><em>³</em></span> 
     </span>
    </p>
   </div>
   <div class='ocr_carea' id='block_1_8' title="bbox 160 3156 1086 3519">
    <p class='ocr_par' dir='ltr' id='par_1_9' title="bbox 160 3156 1086 3519">
     <span class='ocr_line' id='line_1_30' title="bbox 161 3156 1086 3239; baseline -0.003 -19"><span class='ocrx_word' id='word_1_197' title='bbox 161 3160 460 3239; x_wconf 82' lang='lat' dir='ltr'><strong>quandosubregno</strong></span> <span class='ocrx_word' id='word_1_198' title='bbox 474 3160 663 3222; x_wconf 88' lang='lat' dir='ltr'><strong>collectionis</strong></span> <span class='ocrx_word' id='word_1_199' title='bbox 679 3159 870 3235; x_wconf 86' lang='lat' dir='ltr'><strong>Isidorianae,</strong></span> <span class='ocrx_word' id='word_1_200' title='bbox 883 3156 991 3220; x_wconf 82' lang='lat' dir='ltr'><strong>critica</strong></span> <span class='ocrx_word' id='word_1_201' title='bbox 1007 3175 1086 3218; x_wconf 90' lang='lat' dir='ltr'><strong>non-</strong></span> 
     </span>
     <span class='ocr_line' id='line_1_31' title="bbox 161 3250 1085 3332; baseline -0.002 -20"><span class='ocrx_word' id='word_1_202' title='bbox 161 3253 234 3313; x_wconf 89' lang='lat' dir='ltr'><strong>dum</strong></span> <span class='ocrx_word' id='word_1_203' title='bbox 257 3254 301 3314; x_wconf 87' lang='lat' dir='ltr'><strong>ita</strong></span> <span class='ocrx_word' id='word_1_204' title='bbox 318 3254 478 3332; x_wconf 85' lang='lat' dir='ltr'><strong>profuerat</strong></span> <span class='ocrx_word' id='word_1_205' title='bbox 502 3257 537 3315; x_wconf 89' lang='lat' dir='ltr'><strong>ut</strong></span> <span class='ocrx_word' id='word_1_206' title='bbox 560 3253 680 3314; x_wconf 85' lang='lat' dir='ltr'><strong>valeret</strong></span> <span class='ocrx_word' id='word_1_207' title='bbox 703 3251 885 3330; x_wconf 87' lang='lat' dir='ltr'><strong>apocrypha</strong></span> <span class='ocrx_word' id='word_1_208' title='bbox 906 3250 1085 3332; x_wconf 88' lang='lat' dir='ltr'><strong>agenuinis</strong></span> 
     </span>
     <span class='ocr_line' id='line_1_32' title="bbox 160 3344 1083 3426; baseline -0.005 -20"><span class='ocrx_word' id='word_1_209' title='bbox 160 3345 347 3426; x_wconf 86' lang='lat' dir='ltr'><strong>distinguere</strong></span> <span class='ocrx_word' id='word_1_210' title='bbox 369 3350 583 3422; x_wconf 88' lang='lat' dir='ltr'><strong>monumenta,</strong></span> <span class='ocrx_word' id='word_1_211' title='bbox 611 3346 644 3406; x_wconf 91' lang='lat' dir='ltr'><strong>in</strong></span> <span class='ocrx_word' id='word_1_212' title='bbox 673 3344 815 3424; x_wconf 90' lang='lat' dir='ltr'><strong>pluribus</strong></span> <span class='ocrx_word' id='word_1_213' title='bbox 837 3344 953 3423; x_wconf 88' lang='lat' dir='ltr'><strong>etipse</strong></span> <span class='ocrx_word' id='word_1_214' title='bbox 977 3345 1083 3422; x_wconf 90' lang='lat' dir='ltr'><strong>lapsus</strong></span> 
     </span>
     <span class='ocr_line' id='line_1_33' title="bbox 161 3436 1079 3519; baseline -0.008 -19"><span class='ocrx_word' id='word_1_215' title='bbox 161 3441 220 3512; x_wconf 68' lang='lat' dir='ltr'><strong>esu</strong></span> <span class='ocrx_word' id='word_1_216' title='bbox 237 3439 422 3519; x_wconf 90' lang='lat' dir='ltr'><strong>pluraeuim</strong></span> <span class='ocrx_word' id='word_1_217' title='bbox 435 3443 638 3502; x_wconf 87' lang='lat' dir='ltr'><strong>monumenta</strong></span> <span class='ocrx_word' id='word_1_218' title='bbox 651 3457 720 3519; x_wconf 86' lang='lat' dir='ltr'><strong>quae</strong></span> <span class='ocrx_word' id='word_1_219' title='bbox 735 3441 808 3500; x_wconf 90' lang='lat' dir='ltr'><strong>sunt</strong></span> <span class='ocrx_word' id='word_1_220' title='bbox 823 3439 873 3500; x_wconf 88' lang='lat' dir='ltr'><strong>vel</strong></span> <span class='ocrx_word' id='word_1_221' title='bbox 888 3436 1079 3518; x_wconf 86' lang='lat' dir='ltr'><strong>apocrypha,</strong></span> 
     </span>
    </p>
   </div>
   <div class='ocr_carea' id='block_1_9' title="bbox 0 0 1278 4016">
    <p class='ocr_par' dir='ltr' id='par_1_10' title="bbox 0 0 1278 4016">
     <span class='ocr_line' id='line_1_34' title="bbox 0 0 1278 4016; baseline 0 0"><span class='ocrx_word' id='word_1_222' title='bbox 0 0 1278 4016; x_wconf 95' lang='lat' dir='ltr'><strong> </strong></span> 
     </span>
    </p>
   </div>
  </div>
 </body>
</html>
