2514 4014
511 306 738 356 rnomsousm.
1069 291 1087 353 3

197 451 237 514 bit
250 449 398 530 obligatio
414 450 607 530 obsequendi
624 452 708 512 huno
729 449 869 512 (udinem
888 467 907 510 a
927 449 1088 512 voluntate

157 545 265 606 divina
278 543 470 622 impositum,
482 544 632 622 importat
642 545 675 604 in
690 544 813 605 entibus
826 543 946 604 ratione
957 547 988 604 et
998 543 1089 604 liber-

156 641 222 700 tate
239 635 389 715 praeditis
410 633 583 714 facultatem
603 637 741 697 nrorolem
757 635 926 717 praestandi
945 653 979 695 eo
993 635 1091 696 omnio

158 749 226 812 quoe
250 727 352 788 ordini
374 727 504 788 stabilito
531 737 599 790 sont
619 729 802 809 conformia,
823 747 878 788 seu
896 728 948 808 jus
967 727 1091 808 subjee-

156 822 220 884 tive
238 824 409 898 sumptum.
432 841 446 878 o
463 821 573 883 Merito
593 822 703 900 igitur,
720 825 755 883 ut
774 821 914 900 apprime
929 821 973 882 ait
993 820 1091 882 Titius

160 915 295 996 (Proleg.
325 913 359 972 in
384 914 595 992 Puffendorii,
626 914 874 995 jurisprudentia
903 913 1010 974 divina
1035 931 1091 992 pro

158 1007 364 1068 fundamento
387 1005 523 1086 cujusvis
544 1005 799 1086 jurisprudentiae
815 1006 1012 1086 particularis
1036 1005 1093 1066 ha-

159 1102 263 1162 betur.
280 1122 296 1157 n

198 1195 250 1254 ΙΙΙ.
275 1193 407 1256 Nomine
426 1192 506 1272 juris
525 1193 611 1255 venit
627 1193 722 1254 etiam
745 1211 796 1254 ars
815 1193 881 1254 sive
899 1191 1030 1254 seientia
1044 1192 1093 1272 ju·

158 1286 252 1363 rium,
282 1286 315 1346 id
341 1289 398 1361 est,
425 1286 542 1364 legum.
570 1287 841 1358 Quemadmodum
868 1286 951 1346 enim
979 1303 1093 1346 nomen

90 1379 94 1384 '
158 1378 336 1455 medicina,
367 1397 397 1438 v.
422 1397 468 1456 g.‚
485 1377 572 1439 initio
588 1378 768 1457 impositum
786 1382 832 1440 est
858 1378 898 1438 ad
917 1377 1096 1458 significan-

161 1472 237 1532 dum
258 1471 536 1546 medioamentum,
568 1471 653 1550 quod
681 1471 722 1532 ad
749 1471 926 1532 sanandum
949 1471 1092 1550 prodest:

161 1564 233 1624 inde
259 1582 335 1624 vero
368 1561 621 1624 denominatione
651 1563 692 1624 ab
723 1563 846 1644 objecto
879 1565 920 1624 ad
953 1563 1096 1624 habitum

161 1655 298 1718 scientiae
318 1655 481 1732 translata,
509 1672 570 1715 vox
593 1655 647 1716 illa
671 1656 712 1716 ad
732 1655 969 1734 significandam
995 1656 1095 1734 ipsam

162 1753 264 1810 artem
292 1748 434 1809 addubito
468 1747 537 1826 fuit,
560 1748 605 1808 ita
620 1748 683 1828 juS,
712 1748 893 1827 impositum
914 1749 955 1810 ad
980 1749 1095 1828 signiti-

163 1841 302 1902 oandum
320 1843 442 1902 neotum
461 1844 518 1901 aut
534 1840 670 1920 justum,
693 1841 768 1901 inde
789 1842 969 1903 traductum
990 1845 1036 1902 est
1055 1841 1096 1900 ad

39 1937 42 1944 '
163 1933 386 2013 signifloandas
405 1933 490 2012 leges
511 1937 543 1994 et
561 1951 707 2011 canones,
728 1933 843 2014 quibus
859 1935 1044 2012 continetur,
1066 1937 1097 1994 et

46 2087 48 2092 .
165 2027 206 2088 ad
221 2027 435 2087 denotandam
448 2025 550 2104 ipsam
565 2029 676 2102 anem,
691 2045 754 2106 qua
764 2027 964 2106 cognoscitur
979 2026 1096 2107 quidin

164 2119 341 2182 actionibus
355 2117 518 2180 bominum
529 2117 649 2198 justum
661 2119 850 2199 injustumve
865 2120 915 2182 sit.

205 2213 245 2274 ut
251 2211 315 2291 jus,
331 2211 376 2273 sio
390 2215 566 2289 aooeptum,
576 2211 656 2273 solet
670 2211 807 2274 definiri:
820 2231 873 2294 ors
886 2213 954 2273 boni
965 2221 995 2274 et
1007 2212 1096 2294 oeqoi,

164 2321 222 2366 seu
234 2304 303 2364 aiiis
316 2304 419 2366 verbis
432 2307 463 2364 et
478 2303 660 2382 explioatius
676 2325 682 2365 ε
697 2305 824 2384 roqoitio
836 2323 886 2366 seu
894 2305 1005 2386 peritia
1017 2323 1099 2386 proe-

166 2404 315 2478 raptorum
335 2414 402 2477 quoe
426 2396 527 2456 doceat
547 2396 752 2478 quid—justam
780 2398 826 2460 oet
848 2399 999 2478 injustam,
1027 2397 1102 2479 quid

167 2507 282 2572 oeqoom
291 2490 339 2552 oet
348 2489 480 2570 iniquum
493 2489 542 2550 sit.

195 2639 205 2693 ς
218 2643 246 2683 il.
256 2651 288 2682 nn
301 2650 380 2683 vnum
390 2637 549 2684 brvrsrorvvnus
560 2651 629 2683 rums
642 2650 686 2684 ruo
699 2652 758 2684 unas
771 2651 880 2692 nunaunt,
895 2652 937 2684 ssu
950 2650 1075 2694 onosma

442 2717 482 2748 mv
495 2717 620 2750 omunrurs
634 2719 852 2751 sunrsraunsnrns.

120 2878 126 2890 .
209 2825 232 2887 Ι.
255 2825 310 2889 Jus
334 2829 495 2906 sumptum
516 2845 572 2906 pro
590 2791 717 2908 'objecto
740 2829 877 2890 soientiae
899 2827 1101 2890 multifariam

169 2919 338 3024 dividetur,
353 2919 521 2998 etquidem
533 2920 633 3000 primo
647 2921 680 2980 in
691 2920 742 3002 jus
758 2923 900 2983 naturale
916 2925 947 2983 et
955 2921 1007 3002 jus
1020 2921 1100 3000 posi-

168 3016 315 3165 uvd’mjm
336 3101 471 3164 notorole
492 3105 590 3184 acoipi
615 3109 717 3184 potest
740 3107 773 3166 in
795 3125 889 3168 sensu
908 3106 970 3168 lato
997 3106 1046 3168 vei
1070 3106 1101 3168 in

169 3216 264 3258 sensu
277 3196 430 3259 strictiore
443 3217 450 3258 ε
465 3198 527 3259 late
542 3203 712 3277 sumptum,
730 3199 782 3280 jus
797 3199 939 3260 naturaie
955 3203 1002 3260 est
1017 3205 1104 3261 reeta

171 3289 338 3370 cujuslibet
363 3293 495 3366 naturae,
518 3291 677 3352 activitate
695 3293 845 3370 praditae,
864 3292 992 3353 directio
1009 3293 1049 3354 ad
1069 3293 1103 3354 ti-

57 3392 59 3396 '
171 3382 473 3462 nempraestitutum,
482 3402 536 3443 seu
546 3384 789 3462 ipsapropensio
802 3389 921 3446 naturae
935 3385 1101 3460 sensitiva,

173 3493 242 3556 quae
256 3473 435 3536 hominibus
446 3487 517 3536 eum
525 3475 626 3536 brutis
637 3476 847 3538 animantibus
859 3477 1032 3538 eommunis
1045 3480 1101 3542 est.
