2512 4012
380 313 418 360 oa
440 309 568 360 omscro
588 309 671 361 rums
694 311 849 362 cnnonrcr.
1023 299 1081 366 237

185 461 253 522 Hoc
273 461 400 522 nomine
415 459 620 540 designantur
636 459 680 520 illi
696 460 749 540 qui
764 461 848 522 vices
862 467 977 540 gerunt
992 481 1083 541 paro·

146 555 296 631 chorum,
322 553 374 632 qui
395 557 527 635 possunt
551 553 689 614 adduas
709 553 824 615 classes
846 556 999 618 revocari.
1023 555 1082 618 Alii

146 665 261 726 nempe
273 651 347 708 sunt
357 647 496 708 oeconomi
501 646 641 724 parochi,
653 646 705 726 qui
716 647 863 724 supplent
872 649 1083 725 parochorum

145 739 297 816 defectui,
315 743 346 800 et
359 758 423 800 non
437 743 560 800 tantum
574 739 658 800 vices
672 744 787 818 gerunt
794 739 926 818 alicujus
940 742 1080 819 parochi,

145 835 318 912 quantum,
336 832 499 892 deficiente
522 832 659 910 parocho
677 832 745 912 (per
766 837 899 894 mortem
919 835 968 896 vel
982 854 1083 896 remo-

145 925 291 1004 tionem),
311 943 368 1004 pro
384 925 435 986 illo
457 924 634 985 animarum
656 943 764 986 curam
783 930 907 1004 gerunt.
929 929 988 988 Alii
1008 948 1082 990 vero

145 1037 209 1078 non
224 1016 372 1096 supplent
387 1017 544 1078 defectum
559 1017 700 1095 parochi,
720 1018 775 1078 sed
790 1017 879 1079 illum
894 1021 1084 1100 coadjuvant

147 1113 200 1192 qui
221 1111 273 1172 vel
292 1111 421 1189 physice
443 1110 493 1172 vel
515 1111 677 1172 moraliter
698 1111 799 1190 impos
814 1115 876 1190 est,
894 1114 969 1193 quin
988 1115 1084 1193 possit

145 1204 333 1286 parochiam
347 1223 438 1266 suam
450 1203 681 1266 administrare.

189 1299 228 1361 Hi
251 1301 358 1359 autem
372 1298 422 1359 vel
437 1300 510 1360 sunt
524 1297 601 1359 meri
617 1297 861 1360 collaboratores
883 1319 938 1362 seu
953 1302 1085 1362 manda-

145 1392 218 1457 tarii
234 1391 457 1470 parochorum,
475 1391 528 1471 qui
543 1394 667 1452 tantum
686 1396 816 1470 possunt
830 1397 983 1473 quantum
996 1414 1014 1456 a
1029 1413 1085 1473 pa-

118 1503 120 1506 ·
146 1485 253 1548 rochis
268 1483 447 1562 specialiter
456 1484 516 1546 illis
532 1484 735 1546 commissum
749 1488 806 1562 est,
823 1486 873 1547 vel
891 1487 1084 1548 ordinarium

146 1578 282 1658 alicujus
309 1577 448 1638 ecclesiae
480 1577 669 1656 parochialis
703 1577 890 1640 vicariatum
917 1580 1080 1641 sustinent.

148 1676 227 1746 Ouae
255 1670 395 1732 secunda
422 1670 605 1749 hypothesis
635 1689 719 1749 saepe
747 1671 779 1730 in
805 1671 877 1752 jure
903 1673 1084 1753 contingere

147 1767 256 1828 valet:
275 1764 307 1826 Si
323 1783 398 1824 cura
415 1763 607 1842 parochialis
623 1763 746 1825 adnexa
769 1764 809 1825 sit
829 1765 920 1826 alicui
946 1766 1084 1828 ecclesiae

150 1860 200 1920 cni
215 1857 387 1938 praeficitur
406 1856 534 1936 aliquod
556 1856 723 1936 collegium
747 1857 932 1920 clericorum
953 1859 1003 1920 vel
1020 1877 1085 1920 mo-

151 1952 347 2026 nachorum,
365 1953 440 2010 tuno
455 1969 528 2012 cum
542 1969 619 2010 cura
629 1949 817 2029 parochialis
832 1969 895 2015 non
910 1953 1007 2031 possit
1019 1953 1085 2014 sine

152 2044 335 2108 confusione
354 2043 543 2122 collegiatim
562 2043 716 2120 exerceri,
737 2043 849 2122 aliquis
870 2045 964 2107 debet
984 2065 1004 2107 a
1022 2047 1086 2108 col-

151 2139 235 2218 legio
253 2135 396 2216 deputari
412 2135 465 2216 qui
479 2141 551 2198 actu
570 2135 722 2198 sustineat
736 2154 845 2198 curam
859 2139 1082 2215 parochialem.

153 2231 243 2294 Unde
266 2229 318 2290 hic
340 2232 464 2291 nonest
482 2229 613 2308 simplex
628 2228 792 2309 coadjutor
806 2231 934 2294 alterius
956 2231 1084 2312 parochi

154 2326 206 2407 qui
223 2327 296 2386 actu
313 2323 447 2384 retineat
460 2341 569 2383 curam
587 2322 778 2400 animarum,
795 2325 851 2385 sed
866 2329 938 2387 actu
958 2326 1024 2404 ipse
1040 2330 1087 2387 est

153 2437 248 2482 verus
260 2415 429 2496 parochus,
445 2416 517 2477 licet
531 2415 666 2502 vicarius
679 2416 836 2494 parochus
852 2417 988 2496 dicatur,
1008 2438 1086 2497 qua-

153 2516 245 2574 tenus
257 2513 362 2571 servat
374 2509 534 2588 quoddam
544 2508 704 2570 vinculum
716 2508 944 2587 dependentia,
956 2528 1086 2589 praeser-

152 2606 211 2668 tim
225 2604 257 2665 in
275 2603 398 2684 juribus
420 2601 598 2663 honorificis
613 2603 663 2662 vel
682 2601 870 2680 pecuniariis
895 2621 970 2682 erga
992 2604 1086 2664 colle-

154 2699 242 2779 gium
257 2697 333 2757 illud
345 2696 378 2757 in
394 2701 455 2774 quo
468 2693 578 2756 habitu
589 2694 707 2757 residet
720 2711 796 2756 cura
810 2695 996 2767 animarum.

195 2790 310 2854 Similis
320 2789 501 2851 verificatur
512 2806 602 2848 casus
613 2788 707 2849 etiam
718 2808 816 2869 quum
825 2808 901 2850 cura
909 2789 1085 2852 animarum

153 2885 193 2947 sit
204 2903 301 2964 penes
316 2900 414 2943 unum
429 2881 739 2960 parochum,sedilla
749 2883 799 2944 vel
814 2902 851 2943 ex
862 2884 1082 2964 aliqua'causa,

152 2976 353 3053 infirmitatis,
370 2975 446 3037 senii
461 2975 511 3036 vel
524 2975 603 3035 alius
617 2973 808 3054 hujusmodi,
823 2995 884 3040 non
902 2980 1005 3055 potest
1020 2976 1084 3036 ani-

152 3088 276 3132 marum
296 3087 405 3130 curam
423 3066 637 3147 parochialem
651 3069 822 3142 sustinere;
844 3070 894 3130 vel
913 3069 1008 3130 hahet
1030 3069 1084 3128 ali·

152 3182 248 3243 quam
261 3161 386 3242 plebem
400 3161 479 3222 adeo
499 3160 640 3221 dissitam
653 3162 694 3222 ab
713 3161 845 3222 ecclesia
859 3161 1032 3240 parochiali
1050 3165 1085 3222 ut

153 3274 239 3318 esua
253 3255 385 3316 ecclesia
399 3273 461 3315 non
474 3253 571 3332 possit
585 3255 645 3328 illis
658 3254 735 3316 satis
749 3254 922 3315 consulere.

190 3353 272 3412 Tum
285 3349 318 3410 in
332 3347 433 3427 primo
450 3366 524 3408 casu
537 3348 616 3408 solet
625 3347 764 3426 parocho
777 3346 844 3407 dari
861 3347 1025 3427 coadjutor
1035 3345 1085 3408 vel

152 3443 309 3523 parochus
322 3440 458 3503 vicarius
469 3438 521 3520 qui
532 3439 601 3501 loco
614 3439 711 3518 ipsius
725 3443 796 3500 actu
812 3441 964 3502 sustineat
976 3459 1084 3501 curam

153 3535 346 3617 animamm,
373 3534 423 3595 ille
442 3536 548 3595 autem
566 3533 725 3618 'parochus
745 3533 854 3598 habitu
870 3536 993 3599 tantum
1010 3533 1085 3606 reti·
