2512 4012
384 229 423 298 uu
445 257 575 302 osiaoro
597 257 682 301 runis
706 257 859 304 canorum.
1034 251 1089 311 187

142 411 300 473 ordinarii
317 411 488 486 habentur;
505 412 560 473 sed
574 413 678 492 potius
693 413 724 474 vi
747 413 863 475 ordinis
879 415 938 492 sui,
962 417 1090 480 mediati

142 509 222 566 sunt
235 503 454 564 ministrorum
469 505 701 566 ordinariorum
728 505 872 584 ministri,
893 527 949 569 seu
968 513 1090 571 tantum

141 598 323 659 mediatum
343 597 482 656 officium
504 597 622 658 hahent
642 598 675 657 in
697 599 806 660 ordine
829 600 869 660 ad
892 601 1090 663 collationem

142 694 430 766 sacramentorum,
448 689 479 749 in
499 694 652 768 quantum
665 691 783 751 scilicet
802 695 1019 754 sacerdotibus
1034 695 1089 754 mi-

142 784 353 844 nistrantibus
386 782 564 860 proximum
602 783 823 861 impertiuntur
859 785 1086 848 ministerium.

143 878 256 938 Solum
271 877 404 953 possunt
417 893 483 934 esse
497 875 734 935 extraordinarii
750 876 898 953 ministri,
916 878 947 937 in
966 879 1089 941 defectu

143 968 311 1050 ordinarii,
330 967 433 1045 quoad
456 966 519 1026 duo
540 971 747 1045 sacramenta,
762 967 953 1047 baptismum
977 989 1089 1050 nempe

143 1065 178 1122 et
190 1059 397 1122 Eucharistiae
413 1059 688 1137 dispensationem.

186 1159 216 1214 l⁰
246 1153 359 1215 Gestari
392 1152 509 1231 gradus
535 1153 699 1213 ministerii
724 1153 880 1214 inferioris
909 1155 1028 1216 nullam
1058 1157 1089 1218 vi

144 1247 266 1308 ordinis
296 1246 343 1306 sui
371 1246 489 1306 habent
517 1249 706 1323 potestatem
724 1264 781 1306 neo
805 1247 1008 1325 ordinariam,
1030 1268 1089 1310 neo

144 1338 441 1414 extraordinariam,
458 1339 490 1397 in
503 1339 700 1399 conferendis
711 1340 924 1400 sacramentis
939 1341 1046 1402 Solum
1057 1342 1088 1404 vi

62 1481 66 1488 .
144 1433 266 1494 ordinis
279 1436 551 1510 possuntoperam
572 1435 721 1509 praestare
743 1432 836 1493 modo
859 1431 1085 1512 propinquiori,

144 1527 240 1587 modo
271 1524 431 1586 remotiori
457 1524 517 1584 illis
555 1525 607 1603 qui
642 1528 838 1586 sacramenta
856 1525 1084 1587 administrant.

145 1619 237 1691 Quod
262 1617 288 1677 si
315 1617 428 1679 horum
449 1617 657 1678 ministerium
681 1637 717 1678 co
743 1636 842 1696 usque
870 1617 1028 1696 pertingat
1053 1622 1088 1679 ut

144 1710 290 1792 proxime
306 1710 346 1770 ad
361 1711 459 1770 altare
474 1709 651 1770 ministrent
665 1714 695 1770 et
715 1710 853 1789 aliquem
872 1712 977 1771 actum
999 1729 1087 1770 exer·

146 1807 239 1864 ceant
254 1802 415 1882 publicum
444 1802 526 1862 circa
549 1821 625 1863 vasa
648 1821 748 1879 sacra,
775 1806 850 1862 tunc
872 1801 953 1862 sacri
978 1801 1087 1881 hujus-

145 1896 232 1957 modi
263 1895 389 1955 ordines
424 1895 587 1968 dicuntur,
625 1895 709 1974 quod
736 1893 1086 1960 ,acceditsubdiaconis

147 1987 384 2067 apudLatinoS.

186 2082 254 2142 Vll.
270 2079 301 2140 Si
317 2098 392 2140 vero
403 2079 704 2140 consideraverimus
721 2079 910 2140 differentias
923 2080 1085 2159 potestatis

147 2172 268 2236 ordinis
285 2173 316 2231 in
330 2170 432 2232 ordine
445 2172 486 2232 cd
495 2173 728 2250 sacramentalia,
744 2172 824 2234 siout
838 2172 977 2233 Ecclesia
995 2172 1084 2233 iusti-

149 2265 269 2329 tueudo
283 2265 367 2326 dicta
383 2265 623 2325 sacramentalia
639 2265 760 2326 imitata
775 2269 821 2328 est
831 2265 883 2345 jus
901 2265 1041 2326 divinum
1053 2264 1085 2325 iu

149 2357 345 2418 institutione
360 2360 640 2433 sacramentorum,
657 2357 702 2417 ita
723 2358 869 2436 analogia
891 2360 1016 2420 servata
1042 2357 1085 2417 vi-

148 2452 243 2512 detur
264 2453 422 2511 uteorum
448 2449 723 2510 sacramentalium
742 2448 884 2508 minister
904 2449 942 2509 sit
961 2449 1084 2510 ordina-

147 2544 213 2604 rius
236 2545 267 2602 et
291 2540 556 2602 extraordinarius
579 2540 632 2620 qui
644 2540 715 2600 talis
729 2559 762 2600 se
778 2540 874 2600 habet
897 2540 1002 2618 quoad
1015 2541 1085 2618 ipsa

147 2639 356 2711 sacramenta,
373 2652 507 2714 quorum
522 2636 668 2694 naturam
683 2633 856 2694 imitantur.

186 2731 262 2788 Duae
274 2727 357 2787 enim
367 2729 440 2788 sunt
447 2726 609 2805 generales
617 2725 891 2786 sacramentalium
900 2724 1082 2802 categoriae3

150 2821 213 2880 alia
238 2837 307 2898 quoe
329 2819 534 2897 perficiuntur
552 2837 609 2896 per
622 2837 728 2884 sacras
748 2819 920 2894 unctiones,
939 2817 1000 2878 alia
1014 2835 1083 2897 quae

149 2932 208 2992 per
219 2912 432 2992 aspersionem
445 2929 534 2990 aquae
548 2911 731 2972 benedictae.
746 2913 810 2973 Ista
819 2911 1025 2972 benedictiones
1038 2910 1085 2976 di-

150 3009 274 3081 cuntur,
287 3005 340 3065 illa
350 3023 425 3066 vero
435 3004 669 3065 consecrationes.
680 3005 697 3064 J
700 3022 751 3063 am
760 3023 835 3065 vero
846 3001 1084 3064 sacramentalia

150 3097 243 3177 primi
269 3097 403 3173 ordinis,
428 3111 540 3174 nempe
567 3097 835 3172 consecrationes,
862 3096 1084 3172 comparantur

149 3209 222 3250 eum
236 3189 440 3250 sacramentis
453 3187 697 3250 confirmationis
711 3192 741 3249 et
753 3188 880 3263 ordinis,
892 3186 1005 3264 quippe
1015 3185 1082 3267 haec

148 3287 347 3345 sacramenta
361 3301 418 3362 per
433 3281 514 3343 sacri
530 3281 590 3341 olei
605 3281 768 3342 unctiones
784 3279 996 3341 conferuntur.
1027 3283 1081 3342 Sa-

150 3376 355 3437 cramentalia
379 3375 507 3436 secundi
532 3372 649 3434 ordinis
667 3375 890 3451 comparantur
908 3392 980 3436 cum
1003 3374 1082 3450 bap-

150 3467 241 3530 tismo
257 3469 310 3546 qui
325 3485 383 3547 per
397 3485 512 3548 aquam
526 3466 730 3536 ministratur.
