2514 4014
390 261 498 310 marcu
519 261 673 309 sanemus
693 263 776 310 runis
797 263 952 312 canonici.
1098 253 1137 316 88

243 413 275 470 2⁰
290 407 402 480 Quoad
415 414 535 487 portem
554 406 784 488 discplinam,
807 413 910 487 potest
930 409 1035 472 eiierri
1056 428 1137 489 prac-

201 501 329 581 scriplio
349 499 461 580 jejunii
482 501 532 560 die
549 501 707 562 dominice
723 501 803 563 sicui
817 502 867 563 die
885 503 1027 580 subbato,
1052 503 1136 584 quod

200 595 283 673 sapit
294 593 433 654 schisma
439 592 678 672 judaizantium.

241 690 273 748 3⁰
287 690 335 748 lta
357 689 389 746 et
411 685 510 766 quood
526 685 689 760 historiam,
712 687 787 748 selis
806 687 865 749 erit
888 687 965 748 illud
984 689 1132 750 innuere:

201 780 345 860 praebent
367 779 435 840 istm
460 778 695 840 constitutiones
721 781 874 841 Jacobum
897 781 1041 843 Zebedaei
1065 785 1135 844 tan-

203 891 299 952 quam
313 874 502 950 presentem
515 871 648 932 concilio
660 872 935 950 ierosolymitano,
953 891 1046 954 quem
1059 891 1135 936 oona

202 968 266 1028 stet
287 983 367 1026 exc.
394 965 448 1025 ΧΙΙ
476 967 544 1025 hcl.
560 963 628 1043 jam
651 963 757 1043 gladic
785 964 917 1026 Herodis
938 965 1135 1028 interfectum

202 1058 308 1119 fuisse.

241 1150 340 1210 Plane
355 1165 429 1228 ergo
440 1153 628 1228 argumente
639 1148 877 1218 intrinsecehoc
896 1168 973 1229 opus
986 1153 1134 1230 apostolis

202 1242 396 1323 abjudicant.
424 1242 486 1303 Sed
510 1241 605 1305 eliam
628 1249 800 1321 argumento
820 1243 982 1304 acerrimam
1005 1244 1064 1305 hcc
1088 1245 1135 1306 fe-

201 1337 299 1400 alunt.
367 1375 368 1380 κ

241 1428 405 1491 Accedunt
418 1431 526 1489 Patres
541 1428 564 1504 Ι,
583 1430 609 1488 ll
625 1431 656 1488 ei
669 1429 710 1488 lll
721 1428 837 1504 seculi,
857 1432 890 1490 el
902 1429 1134 1505 rustinuslre-

201 1539 299 1598 neus,
329 1521 525 1599 Cyprianus,
549 1519 776 1598 demoniacus,
799 1521 969 1600 Origenes,
991 1521 1133 1582 Clemens

201 1613 442 1689 Alexandrinus,
459 1616 532 1689 etc„
554 1613 607 1692 qul
630 1613 669 1672 de
684 1613 744 1674 boc
758 1631 852 1691 opere
871 1615 977 1674 lucent
989 1614 1130 1685 omnium

200 1706 274 1767 licei
294 1704 492 1766 occasionem
513 1705 681 1766 habuerint
700 1704 777 1766 illud
799 1705 966 1783 allegandi,
996 1707 1132 1766 attamen

201 1817 264 1860 non
279 1799 431 1859 fecerunt.

240 1891 365 1951 Primus
379 1890 461 1951 inber
470 1893 578 1952 Patres
590 1890 641 1969 qui
655 1890 693 1950 de
708 1889 887 1971 hujusmodi
899 1908 993 1969 opere
1003 1889 1133 1952 mentio-

201 1983 412 2060 semissium,
426 1987 473 2044 esi
483 1982 685 2062 Epiphanius,
695 1983 747 2061 qui
757 1984 815 2044 sub
829 1985 891 2043 line
901 1983 1006 2045 saeculi
1021 1985 1061 2046 IV
1073 1984 1133 2044 hoo

202 2095 280 2154 opus
293 2075 381 2155 (haer.
393 2075 443 2154 70)
458 2076 542 2152 cibat,
555 2093 617 2136 non
634 2078 739 2136 autem
752 2078 903 2154 tanquam
917 2093 995 2154 opus
1010 2079 1132 2154 aposio-

202 2167 380 2245 lorum,sad
390 2171 540 2249 tauquam
550 2168 591 2228 ed
605 2167 802 2246 disciplinam
812 2167 1053 2230 ecclesiasticam
1064 2187 1134 2247 per-

202 2261 316 2338 tinens,
331 2264 363 2322 et
376 2260 453 2322 nihil
468 2260 587 2321 hebens
600 2279 618 2320 e
629 2260 691 2324 fide
706 2263 738 2322 el
751 2259 914 2340 disciplina
927 2264 1001 2322 tunc
1015 2259 1133 2340 vigenti

204 2353 351 2414 alienum.
367 2353 457 2416 Unde
469 2353 616 2432 colligere
629 2353 677 2414 ies
691 2357 739 2415 esi
756 2353 824 2434 jam
839 2353 933 2415 fuisso
949 2373 968 2414 a
984 2355 1024 2415 ΙΙΙ
1044 2358 1075 2415 el
1092 2354 1133 2416 IV

204 2445 1130 2526 saeculohnjusmodilibrumcompositumtenquamprimas‚
1174 2508 1175 2512 ,

204 2541 238 2599 ut
248 2539 292 2600 iia
303 2538 418 2615 dicem,
435 2537 642 2601 institutiones
653 2537 733 2618 juris
750 2539 906 2614 canonici,
931 2557 1000 2618 quae
1020 2547 1143 2616 nempe

205 2630 377 2709 complexio
400 2631 503 2692 forent
524 2630 618 2692 icbius
638 2630 718 2709 juris
741 2630 959 2706 ecclesiastici,
982 2630 1132 2708 illumque

204 2723 298 2784 fuisse
316 2723 420 2784 adhuc
442 2723 598 2802 integrum
624 2727 764 2802 tempore
781 2721 946 2802 Epiphanii
967 2722 1037 2803 qui,
1061 2721 1133 2784 licet

205 2816 383 2896 hujusmodi
397 2816 513 2877 librum
522 2833 585 2876 non
595 2816 728 2877 retineat
741 2819 891 2896 tanquam
906 2815 1129 2894 apostolorum,

205 2909 318 2971 relinet
329 2913 435 2971 temen
451 2913 602 2990 tanquam
619 2909 840 2988 compendium
856 2909 951 2971 lolius
970 2908 1133 2970 ecclesias-

205 3002 274 3064 iicae
289 3002 470 3081 disciplinae.
944 3080 946 3088 Υ

245 3095 308 3157 Sed
331 3095 444 3156 deinde
464 3095 683 3157 haereticorum
706 3100 736 3157 et
756 3093 1025 3156 schismaticorum
1047 3092 1133 3153 freu-

206 3187 296 3248 dibns
313 3191 496 3266 corruptum
514 3188 586 3262 inim
604 3187 778 3268 cujusmodi
795 3187 945 3248 indicium
968 3188 1016 3247 esi
1037 3186 1132 3248 elloie

206 3279 245 3341 ab
260 3281 434 3360 Epiphanio
456 3283 526 3343 loca
545 3281 658 3362 quibus
676 3281 726 3342 vel
745 3299 808 3342 non
826 3279 1017 3358 respondent
1034 3278 1131 3342 textui

207 3391 300 3452 quem
314 3389 370 3434 nos
381 3393 446 3452 prae
460 3373 604 3434 manibus
618 3372 781 3450 habemns,
792 3373 946 3452 siquidem
957 3374 1028 3434 loce
1037 3372 1132 3432 allata

152 3548 157 3558 .
207 3465 340 3545 amplius
354 3484 416 3527 non
436 3467 594 3546 leguntur,
617 3465 667 3526 vel
688 3466 845 3528 diversum
864 3465 990 3528 omnino
1006 3479 1132 3524 sensum
