<?xml version="1.0" encoding="UTF-8"?>
<!DOCTYPE html PUBLIC "-//W3C//DTD XHTML 1.0 Transitional//EN"
    "http://www.w3.org/TR/xhtml1/DTD/xhtml1-transitional.dtd">
<html xmlns="http://www.w3.org/1999/xhtml" xml:lang="en" lang="en">
 <head>
  <title>
</title>
<meta http-equiv="Content-Type" content="text/html;charset=utf-8" />
  <meta name='ocr-system' content='tesseract 3.04.00' />
  <meta name='ocr-capabilities' content='ocr_page ocr_carea ocr_par ocr_line ocrx_word'/>
</head>
<body>
  <div class='ocr_page' id='page_1' title='image "./institutionesju02marigoog_0204.png"; bbox 0 0 2512 4012; ppageno 0'>
   <div class='ocr_carea' id='block_1_1' title="bbox 386 249 1085 309">
    <p class='ocr_par' dir='ltr' id='par_1_1' title="bbox 386 249 1085 309">
     <span class='ocr_line' id='line_1_1' title="bbox 386 249 1085 309; baseline -0.001 -1"><span class='ocrx_word' id='word_1_1' title='bbox 386 265 424 308; x_wconf 81' lang='lat' dir='ltr'>aa</span> <span class='ocrx_word' id='word_1_2' title='bbox 447 264 573 309; x_wconf 80' lang='lat' dir='ltr'>cornero</span> <span class='ocrx_word' id='word_1_3' title='bbox 594 263 677 308; x_wconf 79' lang='lat' dir='ltr'>runis</span> <span class='ocrx_word' id='word_1_4' title='bbox 700 262 854 308; x_wconf 73' lang='lat' dir='ltr'>aaronica</span> <span class='ocrx_word' id='word_1_5' title='bbox 1030 249 1085 308; x_wconf 78' lang='lat'>197</span> 
     </span>
    </p>
   </div>
   <div class='ocr_carea' id='block_1_2' title="bbox 153 405 1120 3080">
    <p class='ocr_par' dir='ltr' id='par_1_2' title="bbox 153 405 1108 1782">
     <span class='ocr_line' id='line_1_2' title="bbox 153 405 1087 486; baseline -0.002 -18"><span class='ocrx_word' id='word_1_6' title='bbox 153 408 262 468; x_wconf 87' lang='lat' dir='ltr'>ficiens</span> <span class='ocrx_word' id='word_1_7' title='bbox 277 411 416 485; x_wconf 87' lang='lat' dir='ltr'>potestas</span> <span class='ocrx_word' id='word_1_8' title='bbox 428 426 505 466; x_wconf 82' lang='lat' dir='ltr'>mere</span> <span class='ocrx_word' id='word_1_9' title='bbox 519 406 670 482; x_wconf 78' lang='lat' dir='ltr'>directioc,</span> <span class='ocrx_word' id='word_1_10' title='bbox 687 407 720 465; x_wconf 91' lang='lat' dir='ltr'>id</span> <span class='ocrx_word' id='word_1_11' title='bbox 735 409 781 466; x_wconf 90' lang='lat' dir='ltr'>est</span> <span class='ocrx_word' id='word_1_12' title='bbox 792 410 929 483; x_wconf 88' lang='lat' dir='ltr'>potestas</span> <span class='ocrx_word' id='word_1_13' title='bbox 943 405 1087 486; x_wconf 81' lang='lat' dir='ltr'>quaedam</span> 
     </span>
     <span class='ocr_line' id='line_1_3' title="bbox 153 498 1088 579; baseline 0 -21"><span class='ocrx_word' id='word_1_14' title='bbox 153 499 339 578; x_wconf 80' lang='lat' dir='ltr'>magisterii,</span> <span class='ocrx_word' id='word_1_15' title='bbox 367 518 437 578; x_wconf 70' lang='lat' dir='ltr'>quae</span> <span class='ocrx_word' id='word_1_16' title='bbox 453 500 557 560; x_wconf 89' lang='lat' dir='ltr'>media</span> <span class='ocrx_word' id='word_1_17' title='bbox 581 499 708 574; x_wconf 76' lang='lat' dir='ltr'>indicet,</span> <span class='ocrx_word' id='word_1_18' title='bbox 732 500 922 579; x_wconf 88' lang='lat' dir='ltr'>modumque</span> <span class='ocrx_word' id='word_1_19' title='bbox 943 519 980 560; x_wconf 88' lang='lat' dir='ltr'>ea</span> <span class='ocrx_word' id='word_1_20' title='bbox 997 498 1088 560; x_wconf 90' lang='lat' dir='ltr'>adhi-</span> 
     </span>
     <span class='ocr_line' id='line_1_4' title="bbox 155 591 1108 676; baseline 0 -24"><span class='ocrx_word' id='word_1_21' title='bbox 155 591 249 652; x_wconf 81' lang='lat' dir='ltr'>bendi</span> <span class='ocrx_word' id='word_1_22' title='bbox 265 597 499 669; x_wconf 81' lang='lat' dir='ltr'>commonstret,</span> <span class='ocrx_word' id='word_1_23' title='bbox 518 592 573 654; x_wconf 88' lang='lat' dir='ltr'>sed</span> <span class='ocrx_word' id='word_1_24' title='bbox 588 592 765 653; x_wconf 85' lang='lat' dir='ltr'>necessaria</span> <span class='ocrx_word' id='word_1_25' title='bbox 789 595 836 652; x_wconf 88' lang='lat' dir='ltr'>est</span> <span class='ocrx_word' id='word_1_26' title='bbox 855 596 992 672; x_wconf 87' lang='lat' dir='ltr'>potestas</span> <span class='ocrx_word' id='word_1_27' title='bbox 1013 611 1108 676; x_wconf 24' lang='lat' dir='ltr'>vere,</span> 
     </span>
     <span class='ocr_line' id='line_1_5' title="bbox 154 684 1088 764; baseline 0.003 -20"><span class='ocrx_word' id='word_1_28' title='bbox 154 685 295 762; x_wconf 76' lang='lat' dir='ltr'>coactiva,</span> <span class='ocrx_word' id='word_1_29' title='bbox 318 703 387 764; x_wconf 74' lang='lat' dir='ltr'>quac</span> <span class='ocrx_word' id='word_1_30' title='bbox 408 689 617 761; x_wconf 54' lang='lat' dir='ltr'>contumacem</span> <span class='ocrx_word' id='word_1_31' title='bbox 637 684 666 744; x_wconf 84' lang='lat' dir='ltr'>vi</span> <span class='ocrx_word' id='word_1_32' title='bbox 687 689 814 745; x_wconf 88' lang='lat' dir='ltr'>externa</span> <span class='ocrx_word' id='word_1_33' title='bbox 834 686 985 762; x_wconf 89' lang='lat' dir='ltr'>adhibita,</span> <span class='ocrx_word' id='word_1_34' title='bbox 1002 705 1088 747; x_wconf 88' lang='lat' dir='ltr'>coer-</span> 
     </span>
     <span class='ocr_line' id='line_1_6' title="bbox 155 777 1087 858; baseline 0.001 -20"><span class='ocrx_word' id='word_1_35' title='bbox 155 782 235 854; x_wconf 90' lang='lat' dir='ltr'>ceat,</span> <span class='ocrx_word' id='word_1_36' title='bbox 264 778 329 838; x_wconf 88' lang='lat' dir='ltr'>sive</span> <span class='ocrx_word' id='word_1_37' title='bbox 351 777 394 837; x_wconf 93' lang='lat' dir='ltr'>illi</span> <span class='ocrx_word' id='word_1_38' title='bbox 416 781 550 838; x_wconf 88' lang='lat' dir='ltr'>renuant</span> <span class='ocrx_word' id='word_1_39' title='bbox 573 778 730 856; x_wconf 89' lang='lat' dir='ltr'>applicare</span> <span class='ocrx_word' id='word_1_40' title='bbox 745 777 860 854; x_wconf 89' lang='lat' dir='ltr'>media,</span> <span class='ocrx_word' id='word_1_41' title='bbox 879 797 948 857; x_wconf 85' lang='lat' dir='ltr'>quae</span> <span class='ocrx_word' id='word_1_42' title='bbox 961 797 1019 858; x_wconf 88' lang='lat' dir='ltr'>per</span> <span class='ocrx_word' id='word_1_43' title='bbox 1031 798 1087 857; x_wconf 92' lang='lat' dir='ltr'>po-</span> 
     </span>
     <span class='ocr_line' id='line_1_7' title="bbox 154 870 1087 949; baseline 0 -18"><span class='ocrx_word' id='word_1_44' title='bbox 154 874 301 931; x_wconf 83' lang='lat' dir='ltr'>testatem</span> <span class='ocrx_word' id='word_1_45' title='bbox 315 871 477 949; x_wconf 80' lang='lat' dir='ltr'>legiferam</span> <span class='ocrx_word' id='word_1_46' title='bbox 488 871 648 948; x_wconf 86' lang='lat' dir='ltr'>proposita</span> <span class='ocrx_word' id='word_1_47' title='bbox 662 875 744 944; x_wconf 88' lang='lat' dir='ltr'>sunt,</span> <span class='ocrx_word' id='word_1_48' title='bbox 759 870 824 930; x_wconf 86' lang='lat' dir='ltr'>sive</span> <span class='ocrx_word' id='word_1_49' title='bbox 839 870 939 931; x_wconf 86' lang='lat' dir='ltr'>nolint</span> <span class='ocrx_word' id='word_1_50' title='bbox 954 871 1087 932; x_wconf 80' lang='lat' dir='ltr'>decretis</span> 
     </span>
     <span class='ocr_line' id='line_1_8' title="bbox 154 962 1088 1043; baseline 0 -19"><span class='ocrx_word' id='word_1_51' title='bbox 154 963 319 1043; x_wconf 85' lang='lat' dir='ltr'>potcstatis</span> <span class='ocrx_word' id='word_1_52' title='bbox 329 962 504 1042; x_wconf 89' lang='lat' dir='ltr'>judiciariae</span> <span class='ocrx_word' id='word_1_53' title='bbox 521 963 630 1023; x_wconf 88' lang='lat' dir='ltr'>eadem</span> <span class='ocrx_word' id='word_1_54' title='bbox 646 963 703 1022; x_wconf 89' lang='lat' dir='ltr'>rite</span> <span class='ocrx_word' id='word_1_55' title='bbox 719 963 869 1041; x_wconf 88' lang='lat' dir='ltr'>applicari</span> <span class='ocrx_word' id='word_1_56' title='bbox 881 963 1021 1042; x_wconf 88' lang='lat' dir='ltr'>jubentis</span> <span class='ocrx_word' id='word_1_57' title='bbox 1034 983 1088 1042; x_wconf 87' lang='lat' dir='ltr'>pa-</span> 
     </span>
     <span class='ocr_line' id='line_1_9' title="bbox 154 1055 1088 1134; baseline 0 -18"><span class='ocrx_word' id='word_1_58' title='bbox 154 1075 236 1131; x_wconf 88' lang='lat' dir='ltr'>rere,</span> <span class='ocrx_word' id='word_1_59' title='bbox 262 1055 326 1116; x_wconf 85' lang='lat' dir='ltr'>sive</span> <span class='ocrx_word' id='word_1_60' title='bbox 354 1055 488 1134; x_wconf 88' lang='lat' dir='ltr'>denique</span> <span class='ocrx_word' id='word_1_61' title='bbox 518 1055 674 1116; x_wconf 89' lang='lat' dir='ltr'>societatis</span> <span class='ocrx_word' id='word_1_62' title='bbox 698 1056 803 1131; x_wconf 87' lang='lat' dir='ltr'>finem,</span> <span class='ocrx_word' id='word_1_63' title='bbox 831 1059 886 1116; x_wconf 89' lang='lat' dir='ltr'>aut</span> <span class='ocrx_word' id='word_1_64' title='bbox 912 1057 1088 1116; x_wconf 89' lang='lat' dir='ltr'>mediorum</span> 
     </span>
     <span class='ocr_line' id='line_1_10' title="bbox 156 1148 1088 1228; baseline 0 -19"><span class='ocrx_word' id='word_1_65' title='bbox 156 1148 367 1209; x_wconf 85' lang='lat' dir='ltr'>oeconomiam</span> <span class='ocrx_word' id='word_1_66' title='bbox 378 1149 481 1226; x_wconf 89' lang='lat' dir='ltr'>quoad</span> <span class='ocrx_word' id='word_1_67' title='bbox 493 1148 570 1209; x_wconf 90' lang='lat' dir='ltr'>alios</span> <span class='ocrx_word' id='word_1_68' title='bbox 581 1148 769 1225; x_wconf 86' lang='lat' dir='ltr'>impediant:</span> <span class='ocrx_word' id='word_1_69' title='bbox 783 1149 937 1228; x_wconf 88' lang='lat' dir='ltr'>siquidem</span> <span class='ocrx_word' id='word_1_70' title='bbox 945 1149 1088 1211; x_wconf 89' lang='lat' dir='ltr'>homines</span> 
     </span>
     <span class='ocr_line' id='line_1_11' title="bbox 155 1241 1089 1319; baseline 0.003 -19"><span class='ocrx_word' id='word_1_71' title='bbox 155 1261 218 1301; x_wconf 90' lang='lat' dir='ltr'>non</span> <span class='ocrx_word' id='word_1_72' title='bbox 231 1241 411 1319; x_wconf 89' lang='lat' dir='ltr'>ignorantia</span> <span class='ocrx_word' id='word_1_73' title='bbox 426 1245 559 1317; x_wconf 89' lang='lat' dir='ltr'>tantum,</span> <span class='ocrx_word' id='word_1_74' title='bbox 573 1259 684 1301; x_wconf 89' lang='lat' dir='ltr'>verum</span> <span class='ocrx_word' id='word_1_75' title='bbox 698 1241 793 1301; x_wconf 91' lang='lat' dir='ltr'>etiam</span> <span class='ocrx_word' id='word_1_76' title='bbox 807 1242 926 1302; x_wconf 89' lang='lat' dir='ltr'>malitia</span> <span class='ocrx_word' id='word_1_77' title='bbox 939 1247 970 1302; x_wconf 90' lang='lat' dir='ltr'>et</span> <span class='ocrx_word' id='word_1_78' title='bbox 980 1247 1089 1304; x_wconf 87' lang='lat' dir='ltr'>contu-</span> 
     </span>
     <span class='ocr_line' id='line_1_12' title="bbox 155 1333 1085 1412; baseline 0.004 -20"><span class='ocrx_word' id='word_1_79' title='bbox 155 1334 259 1393; x_wconf 87' lang='lat' dir='ltr'>macia</span> <span class='ocrx_word' id='word_1_80' title='bbox 272 1333 455 1394; x_wconf 86' lang='lat' dir='ltr'>societatem</span> <span class='ocrx_word' id='word_1_81' title='bbox 466 1334 593 1392; x_wconf 87' lang='lat' dir='ltr'>turbare</span> <span class='ocrx_word' id='word_1_82' title='bbox 608 1334 723 1406; x_wconf 79' lang='lat' dir='ltr'>solent3</span> <span class='ocrx_word' id='word_1_83' title='bbox 740 1353 842 1412; x_wconf 87' lang='lat' dir='ltr'>neque</span> <span class='ocrx_word' id='word_1_84' title='bbox 858 1335 952 1394; x_wconf 88' lang='lat' dir='ltr'>etiam</span> <span class='ocrx_word' id='word_1_85' title='bbox 963 1336 1085 1411; x_wconf 86' lang='lat' dir='ltr'>desunt,</span> 
     </span>
     <span class='ocr_line' id='line_1_13' title="bbox 156 1425 1088 1505; baseline 0.001 -20"><span class='ocrx_word' id='word_1_86' title='bbox 156 1427 210 1505; x_wconf 87' lang='lat' dir='ltr'>qui</span> <span class='ocrx_word' id='word_1_87' title='bbox 224 1425 376 1486; x_wconf 88' lang='lat' dir='ltr'>naturalis</span> <span class='ocrx_word' id='word_1_88' title='bbox 385 1425 451 1485; x_wconf 83' lang='lat' dir='ltr'>vitii</span> <span class='ocrx_word' id='word_1_89' title='bbox 467 1425 651 1486; x_wconf 86' lang='lat' dir='ltr'>necessitate</span> <span class='ocrx_word' id='word_1_90' title='bbox 662 1425 693 1485; x_wconf 93' lang='lat' dir='ltr'>id</span> <span class='ocrx_word' id='word_1_91' title='bbox 703 1425 836 1498; x_wconf 80' lang='lat' dir='ltr'>faciunt3</span> <span class='ocrx_word' id='word_1_92' title='bbox 851 1426 971 1487; x_wconf 90' lang='lat' dir='ltr'>malitia</span> <span class='ocrx_word' id='word_1_93' title='bbox 983 1432 1088 1489; x_wconf 86' lang='lat' dir='ltr'>autem</span> 
     </span>
     <span class='ocr_line' id='line_1_14' title="bbox 155 1518 1088 1597; baseline 0.002 -19"><span class='ocrx_word' id='word_1_94' title='bbox 155 1523 187 1580; x_wconf 93' lang='lat' dir='ltr'>et</span> <span class='ocrx_word' id='word_1_95' title='bbox 208 1518 417 1594; x_wconf 87' lang='lat' dir='ltr'>contumacia,</span> <span class='ocrx_word' id='word_1_96' title='bbox 442 1519 602 1597; x_wconf 88' lang='lat' dir='ltr'>multoque</span> <span class='ocrx_word' id='word_1_97' title='bbox 625 1519 725 1597; x_wconf 85' lang='lat' dir='ltr'>magis</span> <span class='ocrx_word' id='word_1_98' title='bbox 746 1518 896 1578; x_wconf 87' lang='lat' dir='ltr'>naturalis</span> <span class='ocrx_word' id='word_1_99' title='bbox 921 1520 1088 1582; x_wconf 84' lang='lat' dir='ltr'>necessitas</span> 
     </span>
     <span class='ocr_line' id='line_1_15' title="bbox 155 1610 1088 1688; baseline 0 -18"><span class='ocrx_word' id='word_1_100' title='bbox 155 1611 278 1672; x_wconf 87' lang='lat' dir='ltr'>nonnisi</span> <span class='ocrx_word' id='word_1_101' title='bbox 289 1610 319 1671; x_wconf 83' lang='lat' dir='ltr'>vi</span> <span class='ocrx_word' id='word_1_102' title='bbox 336 1613 464 1670; x_wconf 85' lang='lat' dir='ltr'>externa</span> <span class='ocrx_word' id='word_1_103' title='bbox 480 1611 622 1688; x_wconf 88' lang='lat' dir='ltr'>opposita</span> <span class='ocrx_word' id='word_1_104' title='bbox 632 1611 770 1671; x_wconf 88' lang='lat' dir='ltr'>cohiberi</span> <span class='ocrx_word' id='word_1_105' title='bbox 782 1615 893 1688; x_wconf 87' lang='lat' dir='ltr'>potest.</span> <span class='ocrx_word' id='word_1_106' title='bbox 908 1612 991 1688; x_wconf 81' lang='lat' dir='ltr'>Ergo</span> <span class='ocrx_word' id='word_1_107' title='bbox 1006 1630 1088 1672; x_wconf 90' lang='lat' dir='ltr'>com-</span> 
     </span>
     <span class='ocr_line' id='line_1_16' title="bbox 156 1703 866 1782; baseline 0.001 -19"><span class='ocrx_word' id='word_1_108' title='bbox 156 1704 234 1782; x_wconf 90' lang='lat' dir='ltr'>petit</span> <span class='ocrx_word' id='word_1_109' title='bbox 247 1703 387 1764; x_wconf 82' lang='lat' dir='ltr'>societati</span> <span class='ocrx_word' id='word_1_110' title='bbox 402 1703 548 1780; x_wconf 82' lang='lat' dir='ltr'>perlectae</span> <span class='ocrx_word' id='word_1_111' title='bbox 563 1705 701 1781; x_wconf 87' lang='lat' dir='ltr'>potestas</span> <span class='ocrx_word' id='word_1_112' title='bbox 716 1703 866 1764; x_wconf 87' lang='lat' dir='ltr'>coactiva.</span> 
     </span>
    </p>

    <p class='ocr_par' dir='ltr' id='par_1_3' title="bbox 155 1795 1117 2154">
     <span class='ocr_line' id='line_1_17' title="bbox 195 1795 1089 1876; baseline 0.004 -24"><span class='ocrx_word' id='word_1_113' title='bbox 195 1821 208 1853; x_wconf 76' lang='lat' dir='ltr'>a</span> <span class='ocrx_word' id='word_1_114' title='bbox 234 1796 263 1874; x_wconf 82' lang='lat' dir='ltr'>c)</span> <span class='ocrx_word' id='word_1_115' title='bbox 289 1795 431 1876; x_wconf 76' lang='lat' dir='ltr'>Confirm.</span> <span class='ocrx_word' id='word_1_116' title='bbox 454 1795 599 1856; x_wconf 89' lang='lat' dir='ltr'>Societati</span> <span class='ocrx_word' id='word_1_117' title='bbox 623 1797 768 1873; x_wconf 87' lang='lat' dir='ltr'>perfectae</span> <span class='ocrx_word' id='word_1_118' title='bbox 786 1797 936 1874; x_wconf 88' lang='lat' dir='ltr'>competit</span> <span class='ocrx_word' id='word_1_119' title='bbox 945 1800 1089 1875; x_wconf 85' lang='lat' dir='ltr'>potestas</span> 
     </span>
     <span class='ocr_line' id='line_1_18' title="bbox 155 1888 1090 1969; baseline 0.002 -21"><span class='ocrx_word' id='word_1_120' title='bbox 155 1889 287 1968; x_wconf 85' lang='lat' dir='ltr'>legifera</span> <span class='ocrx_word' id='word_1_121' title='bbox 315 1891 345 1948; x_wconf 90' lang='lat' dir='ltr'>et</span> <span class='ocrx_word' id='word_1_122' title='bbox 369 1888 380 1967; x_wconf 87' lang='lat' dir='ltr'>j</span> <span class='ocrx_word' id='word_1_123' title='bbox 407 1889 546 1948; x_wconf 85' lang='lat' dir='ltr'>dicieria.</span> <span class='ocrx_word' id='word_1_124' title='bbox 564 1888 658 1967; x_wconf 80' lang='lat' dir='ltr'>Atqui</span> <span class='ocrx_word' id='word_1_125' title='bbox 678 1893 810 1967; x_wconf 88' lang='lat' dir='ltr'>utraque</span> <span class='ocrx_word' id='word_1_126' title='bbox 833 1894 970 1967; x_wconf 84' lang='lat' dir='ltr'>potestas</span> <span class='ocrx_word' id='word_1_127' title='bbox 995 1889 1090 1969; x_wconf 82' lang='lat' dir='ltr'>exigit</span> 
     </span>
     <span class='ocr_line' id='line_1_19' title="bbox 155 1981 1117 2060; baseline 0 -18"><span class='ocrx_word' id='word_1_128' title='bbox 155 1985 346 2060; x_wconf 85' lang='lat' dir='ltr'>potestatem</span> <span class='ocrx_word' id='word_1_129' title='bbox 370 1981 560 2053; x_wconf 71' lang='lat' dir='ltr'>coactivam,</span> <span class='ocrx_word' id='word_1_130' title='bbox 598 1999 688 2041; x_wconf 88' lang='lat' dir='ltr'>secus</span> <span class='ocrx_word' id='word_1_131' title='bbox 716 1981 798 2040; x_wconf 88' lang='lat' dir='ltr'>enim</span> <span class='ocrx_word' id='word_1_132' title='bbox 824 1983 905 2042; x_wconf 87' lang='lat' dir='ltr'>foret</span> <span class='ocrx_word' id='word_1_133' title='bbox 930 1982 1086 2043; x_wconf 86' lang='lat' dir='ltr'>inefficax.</span> <span class='ocrx_word' id='word_1_134' title='bbox 1114 2005 1117 2014; x_wconf 62' lang='lat'><em>=</em></span> 
     </span>
     <span class='ocr_line' id='line_1_20' title="bbox 155 2075 368 2154; baseline -0.009 -19"><span class='ocrx_word' id='word_1_135' title='bbox 155 2078 250 2154; x_wconf 76' lang='lat' dir='ltr'>Ergo,</span> <span class='ocrx_word' id='word_1_136' title='bbox 269 2077 328 2134; x_wconf 88' lang='lat' dir='ltr'>etc.</span> <span class='ocrx_word' id='word_1_137' title='bbox 345 2075 368 2134; x_wconf 83' lang='lat'>¹.</span> 
     </span>
    </p>

    <p class='ocr_par' dir='ltr' id='par_1_4' title="bbox 155 2166 1120 2616">
     <span class='ocr_line' id='line_1_21' title="bbox 197 2166 1086 2245; baseline 0.008 -25"><span class='ocrx_word' id='word_1_138' title='bbox 197 2191 210 2224; x_wconf 70' lang='lat' dir='ltr'>a</span> <span class='ocrx_word' id='word_1_139' title='bbox 237 2167 317 2228; x_wconf 91' lang='lat' dir='ltr'>Hinc</span> <span class='ocrx_word' id='word_1_140' title='bbox 329 2166 490 2245; x_wconf 88' lang='lat' dir='ltr'>potestatis</span> <span class='ocrx_word' id='word_1_141' title='bbox 501 2166 649 2227; x_wconf 80' lang='lat' dir='ltr'>coactivae</span> <span class='ocrx_word' id='word_1_142' title='bbox 664 2166 786 2228; x_wconf 82' lang='lat' dir='ltr'>theoria</span> <span class='ocrx_word' id='word_1_143' title='bbox 795 2167 886 2228; x_wconf 88' lang='lat' dir='ltr'>facile</span> <span class='ocrx_word' id='word_1_144' title='bbox 902 2167 1086 2245; x_wconf 87' lang='lat' dir='ltr'>explicatur.</span> 
     </span>
     <span class='ocr_line' id='line_1_22' title="bbox 155 2259 1090 2340; baseline -0.001 -19"><span class='ocrx_word' id='word_1_145' title='bbox 155 2264 195 2321; x_wconf 71' lang='lat' dir='ltr'>lit</span> <span class='ocrx_word' id='word_1_146' title='bbox 213 2259 459 2338; x_wconf 88' lang='lat' dir='ltr'>primoquidem</span> <span class='ocrx_word' id='word_1_147' title='bbox 474 2260 616 2320; x_wconf 87' lang='lat' dir='ltr'>naturale</span> <span class='ocrx_word' id='word_1_148' title='bbox 639 2259 877 2320; x_wconf 83' lang='lat' dir='ltr'>fundamentum</span> <span class='ocrx_word' id='word_1_149' title='bbox 896 2260 1090 2340; x_wconf 85' lang='lat' dir='ltr'>dignoscitur</span> 
     </span>
     <span class='ocr_line' id='line_1_23' title="bbox 156 2351 1090 2431; baseline 0 -18"><span class='ocrx_word' id='word_1_150' title='bbox 156 2351 320 2431; x_wconf 88' lang='lat' dir='ltr'>potestatis</span> <span class='ocrx_word' id='word_1_151' title='bbox 335 2351 495 2426; x_wconf 70' lang='lat' dir='ltr'>coactiva,</span> <span class='ocrx_word' id='word_1_152' title='bbox 513 2352 596 2428; x_wconf 90' lang='lat' dir='ltr'>quod</span> <span class='ocrx_word' id='word_1_153' title='bbox 607 2356 654 2412; x_wconf 88' lang='lat' dir='ltr'>est</span> <span class='ocrx_word' id='word_1_154' title='bbox 668 2353 837 2413; x_wconf 85' lang='lat' dir='ltr'>necessitas</span> <span class='ocrx_word' id='word_1_155' title='bbox 849 2354 956 2413; x_wconf 83' lang='lat' dir='ltr'>tutelae</span> <span class='ocrx_word' id='word_1_156' title='bbox 972 2353 1090 2413; x_wconf 89' lang='lat' dir='ltr'>ordinis</span> 
     </span>
     <span class='ocr_line' id='line_1_24' title="bbox 155 2443 1088 2524; baseline 0 -20"><span class='ocrx_word' id='word_1_157' title='bbox 155 2444 292 2521; x_wconf 87' lang='lat' dir='ltr'>socialis,</span> <span class='ocrx_word' id='word_1_158' title='bbox 308 2463 346 2504; x_wconf 90' lang='lat' dir='ltr'>ne</span> <span class='ocrx_word' id='word_1_159' title='bbox 358 2443 427 2503; x_wconf 87' lang='lat' dir='ltr'>finis</span> <span class='ocrx_word' id='word_1_160' title='bbox 441 2443 593 2504; x_wconf 86' lang='lat' dir='ltr'>assecutio</span> <span class='ocrx_word' id='word_1_161' title='bbox 606 2444 810 2521; x_wconf 86' lang='lat' dir='ltr'>impediatur;</span> <span class='ocrx_word' id='word_1_162' title='bbox 826 2445 1088 2524; x_wconf 86' lang='lat' dir='ltr'>quandoquidem</span> 
     </span>
     <span class='ocr_line' id='line_1_25' title="bbox 157 2535 1120 2616; baseline -0.003 -20"><span class='ocrx_word' id='word_1_163' title='bbox 157 2539 226 2598; x_wconf 86' lang='lat' dir='ltr'>hacc</span> <span class='ocrx_word' id='word_1_164' title='bbox 240 2541 288 2597; x_wconf 90' lang='lat' dir='ltr'>est</span> <span class='ocrx_word' id='word_1_165' title='bbox 302 2535 393 2596; x_wconf 86' lang='lat' dir='ltr'>unica</span> <span class='ocrx_word' id='word_1_166' title='bbox 408 2535 486 2597; x_wconf 85' lang='lat' dir='ltr'>ratio</span> <span class='ocrx_word' id='word_1_167' title='bbox 499 2535 656 2596; x_wconf 85' lang='lat' dir='ltr'>sufficiens</span> <span class='ocrx_word' id='word_1_168' title='bbox 670 2536 824 2616; x_wconf 86' lang='lat' dir='ltr'>ejusmodi</span> <span class='ocrx_word' id='word_1_169' title='bbox 839 2537 1012 2614; x_wconf 87' lang='lat' dir='ltr'>potestatis.</span> <span class='ocrx_word' id='word_1_170' title='bbox 1031 2560 1044 2593; x_wconf 74' lang='lat' dir='ltr'>a</span> <span class='ocrx_word' id='word_1_171' title='bbox 1118 2576 1120 2581; x_wconf 68' lang='lat'>,</span> 
     </span>
    </p>

    <p class='ocr_par' dir='ltr' id='par_1_5' title="bbox 157 2627 1088 2892">
     <span class='ocr_line' id='line_1_26' title="bbox 196 2627 1086 2707; baseline 0 -19"><span class='ocrx_word' id='word_1_172' title='bbox 196 2632 280 2695; x_wconf 23' lang='lat' dir='ltr'>Haecf</span> <span class='ocrx_word' id='word_1_173' title='bbox 296 2629 334 2688; x_wconf 91' lang='lat' dir='ltr'>de</span> <span class='ocrx_word' id='word_1_174' title='bbox 359 2646 505 2706; x_wconf 87' lang='lat' dir='ltr'>suprema</span> <span class='ocrx_word' id='word_1_175' title='bbox 527 2632 680 2707; x_wconf 83' lang='lat' dir='ltr'>potestate</span> <span class='ocrx_word' id='word_1_176' title='bbox 701 2627 1086 2704; x_wconf 86' lang='lat' dir='ltr'>ecclesiasticasufficiant,</span> 
     </span>
     <span class='ocr_line' id='line_1_27' title="bbox 157 2720 1088 2800; baseline 0 -18"><span class='ocrx_word' id='word_1_177' title='bbox 157 2741 229 2782; x_wconf 90' lang='lat' dir='ltr'>cum</span> <span class='ocrx_word' id='word_1_178' title='bbox 251 2722 291 2782; x_wconf 91' lang='lat' dir='ltr'>de</span> <span class='ocrx_word' id='word_1_179' title='bbox 312 2720 528 2800; x_wconf 72' lang='lat' dir='ltr'>prerogativis</span> <span class='ocrx_word' id='word_1_180' title='bbox 544 2722 662 2782; x_wconf 86' lang='lat' dir='ltr'>Summi</span> <span class='ocrx_word' id='word_1_181' title='bbox 685 2721 841 2782; x_wconf 89' lang='lat' dir='ltr'>Pontificis</span> <span class='ocrx_word' id='word_1_182' title='bbox 856 2721 982 2799; x_wconf 85' lang='lat' dir='ltr'>speciali</span> <span class='ocrx_word' id='word_1_183' title='bbox 994 2720 1088 2782; x_wconf 88' lang='lat' dir='ltr'>modo</span> 
     </span>
     <span class='ocr_line' id='line_1_28' title="bbox 158 2813 487 2892; baseline 0 -18"><span class='ocrx_word' id='word_1_184' title='bbox 158 2815 316 2876; x_wconf 88' lang='lat' dir='ltr'>disserunt</span> <span class='ocrx_word' id='word_1_185' title='bbox 338 2813 487 2892; x_wconf 84' lang='lat' dir='ltr'>theologi.</span> 
     </span>
    </p>

    <p class='ocr_par' dir='ltr' id='par_1_6' title="bbox 158 2907 1089 3080">
     <span class='ocr_line' id='line_1_29' title="bbox 197 2907 1089 2987; baseline -0.002 -19"><span class='ocrx_word' id='word_1_186' title='bbox 197 2911 250 2968; x_wconf 90' lang='lat' dir='ltr'>IX.</span> <span class='ocrx_word' id='word_1_187' title='bbox 274 2908 319 2968; x_wconf 85' lang='lat' dir='ltr'>De</span> <span class='ocrx_word' id='word_1_188' title='bbox 338 2912 479 2987; x_wconf 81' lang='lat' dir='ltr'>potestate</span> <span class='ocrx_word' id='word_1_189' title='bbox 493 2907 651 2986; x_wconf 80' lang='lat' dir='ltr'>episcopali</span> <span class='ocrx_word' id='word_1_190' title='bbox 670 2908 831 2987; x_wconf 77' lang='lat' dir='ltr'>speciatim.</span> <span class='ocrx_word' id='word_1_191' title='bbox 856 2907 1001 2986; x_wconf 80' lang='lat' dir='ltr'>Episcopi</span> <span class='ocrx_word' id='word_1_192' title='bbox 1014 2907 1089 2967; x_wconf 90' lang='lat' dir='ltr'>olim</span> 
     </span>
     <span class='ocr_line' id='line_1_30' title="bbox 158 2997 1085 3080; baseline -0.003 -20"><span class='ocrx_word' id='word_1_193' title='bbox 158 3001 355 3080; x_wconf 87' lang='lat' dir='ltr'>eligebantur</span> <span class='ocrx_word' id='word_1_194' title='bbox 375 3017 394 3059; x_wconf 86' lang='lat' dir='ltr'>a</span> <span class='ocrx_word' id='word_1_195' title='bbox 419 3001 487 3059; x_wconf 90' lang='lat' dir='ltr'>toto</span> <span class='ocrx_word' id='word_1_196' title='bbox 503 3000 598 3076; x_wconf 89' lang='lat' dir='ltr'>clero,</span> <span class='ocrx_word' id='word_1_197' title='bbox 616 3000 785 3061; x_wconf 89' lang='lat' dir='ltr'>accedente</span> <span class='ocrx_word' id='word_1_198' title='bbox 800 3018 953 3061; x_wconf 86' lang='lat' dir='ltr'>consensu</span> <span class='ocrx_word' id='word_1_199' title='bbox 969 2997 1085 3076; x_wconf 84' lang='lat' dir='ltr'>populi.</span> 
     </span>
    </p>
   </div>
   <div class='ocr_carea' id='block_1_3' title="bbox 157 3227 1089 3537">
    <p class='ocr_par' dir='ltr' id='par_1_7' title="bbox 192 3227 1087 3310">
     <span class='ocr_line' id='line_1_31' title="bbox 192 3227 1087 3310; baseline 0.001 -14"><span class='ocrx_word' id='word_1_200' title='bbox 192 3251 196 3276; x_wconf 92' lang='lat'>¹</span> <span class='ocrx_word' id='word_1_201' title='bbox 215 3249 252 3297; x_wconf 87' lang='lat' dir='ltr'>De</span> <span class='ocrx_word' id='word_1_202' title='bbox 265 3250 394 3310; x_wconf 87' lang='lat' dir='ltr'>potestate</span> <span class='ocrx_word' id='word_1_203' title='bbox 409 3227 526 3298; x_wconf 78' lang='lat' dir='ltr'>coactiva</span> <span class='ocrx_word' id='word_1_204' title='bbox 538 3247 661 3297; x_wconf 83' lang='lat' dir='ltr'>Ecclesiae</span> <span class='ocrx_word' id='word_1_205' title='bbox 675 3246 777 3294; x_wconf 86' lang='lat' dir='ltr'>consuli</span> <span class='ocrx_word' id='word_1_206' title='bbox 794 3247 882 3308; x_wconf 89' lang='lat' dir='ltr'>potest</span> <span class='ocrx_word' id='word_1_207' title='bbox 898 3243 1016 3296; x_wconf 73' lang='lat' dir='ltr'>chario</span> <span class='ocrx_word' id='word_1_208' title='bbox 1028 3243 1087 3298; x_wconf 82' lang='lat' dir='ltr'>na-</span> 
     </span>
    </p>

    <p class='ocr_par' dir='ltr' id='par_1_8' title="bbox 157 3317 1089 3389">
     <span class='ocr_line' id='line_1_32' title="bbox 157 3317 1089 3389; baseline -0.001 -18"><span class='ocrx_word' id='word_1_209' title='bbox 157 3325 221 3374; x_wconf 82' lang='lat' dir='ltr'>sert.</span> <span class='ocrx_word' id='word_1_210' title='bbox 231 3323 364 3389; x_wconf 76' lang='lat' dir='ltr'>irtscripta</span> <span class='ocrx_word' id='word_1_211' title='bbox 376 3344 389 3368; x_wconf 84' lang='lat'>«</span> <span class='ocrx_word' id='word_1_212' title='bbox 407 3321 540 3376; x_wconf 71' lang='lat' dir='ltr'>oeniandi·</span> <span class='ocrx_word' id='word_1_213' title='bbox 553 3320 597 3373; x_wconf 83' lang='lat' dir='ltr'>chi</span> <span class='ocrx_word' id='word_1_214' title='bbox 613 3335 678 3386; x_wconf 82' lang='lat' dir='ltr'>pao,</span> <span class='ocrx_word' id='word_1_215' title='bbox 694 3323 742 3372; x_wconf 86' lang='lat' dir='ltr'>etc.</span> <span class='ocrx_word' id='word_1_216' title='bbox 759 3341 772 3363; x_wconf 90' lang='lat'>»</span> <span class='ocrx_word' id='word_1_217' title='bbox 787 3319 868 3370; x_wconf 81' lang='lat' dir='ltr'>Num.</span> <span class='ocrx_word' id='word_1_218' title='bbox 880 3317 944 3372; x_wconf 78' lang='lat' dir='ltr'>llll</span> <span class='ocrx_word' id='word_1_219' title='bbox 959 3333 1042 3386; x_wconf 77' lang='lat' dir='ltr'>napae</span> <span class='ocrx_word' id='word_1_220' title='bbox 1052 3319 1089 3370; x_wconf 84' lang='lat' dir='ltr'>cd</span> 
     </span>
    </p>

    <p class='ocr_par' dir='ltr' id='par_1_9' title="bbox 158 3387 1087 3537">
     <span class='ocr_line' id='line_1_33' title="bbox 158 3387 1087 3537; baseline -0.002 -91"><span class='ocrx_word' id='word_1_221' title='bbox 158 3397 256 3537; x_wconf 48' lang='lat' dir='ltr'>{gog</span> <span class='ocrx_word' id='word_1_222' title='bbox 273 3400 298 3528; x_wconf 59' lang='lat' dir='ltr'>gt</span> <span class='ocrx_word' id='word_1_223' title='bbox 304 3387 427 3524; x_wconf 51' lang='lat' dir='ltr'>1illicacta</span> <span class='ocrx_word' id='word_1_224' title='bbox 444 3397 516 3449; x_wconf 81' lang='lat' dir='ltr'>Ilettn</span> <span class='ocrx_word' id='word_1_225' title='bbox 536 3395 650 3449; x_wconf 74' lang='lat' dir='ltr'>celerior</span> <span class='ocrx_word' id='word_1_226' title='bbox 664 3393 768 3459; x_wconf 73' lang='lat' dir='ltr'>potata</span> <span class='ocrx_word' id='word_1_227' title='bbox 786 3393 856 3445; x_wconf 86' lang='lat' dir='ltr'>della</span> <span class='ocrx_word' id='word_1_228' title='bbox 874 3393 975 3449; x_wconf 76' lang='lat' dir='ltr'>cttcsn.</span> <span class='ocrx_word' id='word_1_229' title='bbox 992 3393 1047 3445; x_wconf 81' lang='lat' dir='ltr'>Lib.</span> <span class='ocrx_word' id='word_1_230' title='bbox 1058 3395 1087 3456; x_wconf 85' lang='grc'>1.,</span> 
     </span>
     <span class='ocr_line' id='line_1_34' title="bbox 211 3511 344 3536; baseline 0 -16"><span class='ocrx_word' id='word_1_231' title='bbox 211 3511 217 3520; x_wconf 96' lang='grc'>.</span> <span class='ocrx_word' id='word_1_232' title='bbox 255 3511 263 3536; x_wconf 85' lang='grc'>,</span> <span class='ocrx_word' id='word_1_233' title='bbox 282 3515 286 3528; x_wconf 81' lang='grc'>,</span> <span class='ocrx_word' id='word_1_234' title='bbox 339 3514 344 3524; x_wconf 88' lang='grc'>,</span> 
     </span>
    </p>
   </div>
   <div class='ocr_carea' id='block_1_4' title="bbox 0 0 1266 4012">
    <p class='ocr_par' dir='ltr' id='par_1_10' title="bbox 0 0 1266 4012">
     <span class='ocr_line' id='line_1_35' title="bbox 0 0 1266 4012; baseline 0 0"><span class='ocrx_word' id='word_1_235' title='bbox 0 0 1266 4012; x_wconf 95' lang='lat' dir='ltr'> </span> 
     </span>
    </p>
   </div>
  </div>
 </body>
</html>
