2484 4016
364 325 403 371 ou
422 325 552 374 onsecro
572 326 656 374 curus
678 323 835 372 cerenici.
1004 311 1064 370 277
1135 273 1144 292 ⁸

447 528 615 574 curreutes
638 528 758 573 coruus.

214 669 260 733 De
272 671 376 751 officiis
386 672 518 752 propriu
529 679 623 732 status
632 670 776 732 clericulis
787 670 818 730 in
829 669 983 731 commum.

172 834 212 894 11.
236 831 510 904 Quemadmodum
531 831 635 894 ole1ioi
652 831 684 891 in
701 830 860 893 communi
878 830 1064 892 considerati
1103 857 1106 864 ¹

129 925 221 987 laicis
235 926 420 1005 praecellunt
440 925 545 1005 quoad
556 925 630 1006 jura
652 929 720 986 tum
743 923 862 985 ordinis
885 923 981 1001 seori,
998 927 1065 985 tum

127 1017 373 1100 jurisdictionis,
390 1017 434 1078 its
448 1018 633 1079 clericorum
645 1018 709 1079 vite
727 1035 854 1078 necesse
871 1019 966 1077 estut
985 1016 1066 1077 leiee

131 1110 293 1191 praeocllat
312 1110 566 1188 conversatione,
587 1113 622 1171 ut
641 1111 739 1172 sacris
757 1107 915 1188 mysteriis
936 1128 1066 1172 venere-

132 1203 253 1264 tionem
273 1202 444 1264 obtineaut.
463 1205 584 1276 Quanto
598 1203 682 1264 enim
695 1203 765 1282 plus
780 1201 937 1281 accepisse
953 1201 1066 1282 aliquis

130 1297 282 1373 cernitur,
305 1299 339 1357 ut
358 1294 463 1357 aiebat
486 1300 613 1358 sanctus
635 1296 814 1376 Gregorius,
836 1299 923 1357 tento
938 1297 1066 1375 gravius

130 1390 206 1450 inde
226 1389 397 1470 judicetur.
420 1389 508 1450 Unde
530 1390 671 1450 Ghn'stus
690 1389 795 1450 aicbat
809 1388 958 1466 apostolis
978 1390 1065 1449 :Vos

130 1481 207 1544 estis
218 1481 265 1544 sel
278 1484 371 1542 terrae
382 1501 390 1555 ς
403 1482 487 1560 quod
502 1481 526 1542 si
540 1483 587 1543 sol
601 1481 775 1558 evanuerit,
794 1480 826 1541 in
842 1499 904 1560 quo
917 1479 1066 1541 salietur?

129 1577 171 1638 Et
186 1575 302 1636 Paulus
317 1595 324 1635 :
338 1576 374 1635 ln
389 1574 533 1636 omnihus
545 1575 680 1653 teipsum
697 1574 803 1654 praehe
819 1573 997 1652 exemplum
1008 1573 1066 1633 bo-

131 1686 248 1730 norum
262 1686 404 1747 operum.

172 1763 212 1823 ut
226 1760 376 1822 continuo
389 1761 536 1826 Ecclesiae
550 1761 690 1839 traditio,
712 1760 792 1822 socri
808 1778 956 1837 oenones,
965 1763 997 1822 et
1010 1777 1064 1821 no-

131 1854 495 1933 vissimeTridentinum,
504 1856 681 1932 sess.22,de
690 1853 934 1930 scismaticae,
945 1855 1062 1932 cep.l⁰,

112 1945 180 2008 -ite
201 1946 351 2008 describit
372 1947 557 2009 elericorum
577 1947 702 2010 officie:
725 1969 739 2005 c
763 1950 859 2008 Decet
880 1946 1010 2008 elericos
1032 1945 1065 2006 in

133 2044 253 2102 sortem
267 2040 390 2101 Domini
406 2044 534 2102 rocetos
546 2044 581 2102 ut
597 2041 717 2118 habitu,
732 2045 834 2120 gestu,
848 2039 982 2117 incessu,
1000 2057 1066 2100 ser-

132 2150 229 2194 mone
245 2133 375 2213 uliisque
398 2133 543 2195 omnibus
560 2133 637 2194 nihil
660 2132 717 2193 nisi
734 2151 851 2212 greve,
867 2132 1066 2194 moderatum

134 2230 167 2287 et
176 2225 328 2305 religione
344 2227 471 2305 plenum
481 2244 546 2305 prae
561 2245 594 2288 se
606 2226 723 2299 ferant3
737 2226 819 2286 levio
830 2227 926 2287 eiiam
940 2224 1064 2303 delicte,

134 2336 207 2398 quae
219 2319 252 2378 in
270 2319 345 2397 ipsis
364 2319 502 2379 maxima
522 2326 636 2397 essent,
649 2318 816 2398 effugient,
833 2323 868 2380 ut
888 2337 998 2380 eorum
1017 2337 1066 2380 ee-

133 2412 238 2474 tiones
252 2411 372 2473 cunctis
387 2413 520 2473 offerent
532 2413 778 2473 venerationem.
801 2433 816 2470 u

177 2507 375 2585 Quapropter
394 2523 432 2565 ex
443 2505 481 2565 iis
501 2503 569 2566 haec
582 2523 748 2585 possumus
763 2507 899 2564 statuere
914 2507 1064 2584 ienquem

135 2598 325 2678 principium
348 2599 494 2676 generale
522 2598 703 2660 dimetiendi
730 2597 833 2659 officie
856 2597 1062 2658 elericorum:

135 2693 198 2754 vito
220 2690 364 2754 clericalis
383 2691 514 2753 monibus
527 2693 641 2773 offerre
655 2691 737 2753 debet
759 2691 988 2766 venerationem,
1002 2708 1064 2769 quo

136 2790 288 2865 tauquam
310 2785 463 2864 principio
481 2785 620 2866 generali
644 2789 777 2863 statuto,
806 2786 874 2848 haeo
895 2789 1068 2866 sequuntur

138 2877 327 2942 corollaria:

178 2974 209 3032 1ο
231 2971 343 3034 Omnis
355 2991 425 3052 quae
437 2969 578 3034 obsolute
588 2971 791 3052 requiruntur
803 2973 853 3035 vel
862 2971 1007 3034 faciende
1019 2969 1068 3032 vel

139 3064 1066 3141 vitandoutviteclericelisomnibusefferetvenerationem,

140 3177 177 3218 ee
191 3158 463 3237 comprehendunt
476 3159 625 3239 specialia
639 3159 744 3220 omnis
758 3159 861 3220 officia
870 3157 1065 3219 clericorum.

178 3251 268 3315 Unde
281 3271 320 3313 ex
330 3252 389 3313 hoo
402 3252 540 3331 generali
556 3252 720 3326 corollario
736 3252 970 3330 consequuntur
980 3251 1070 3330 plura

140 3345 242 3406 officie
256 3345 288 3406 in
302 3345 406 3424 specie
422 3345 607 3408 clericorum
621 3344 758 3423 proprie,
771 3343 833 3406 elie
847 3343 975 3426 quidem
989 3344 1069 3423 posi·

139 3439 213 3517 tiva,
230 3439 292 3500 elie
306 3457 382 3500 vero
395 3439 552 3517 negative.
1063 3497 1065 3503 ,

141 3591 145 3598 ,
177 3531 312 3598 Positioo
326 3553 337 3598 .·
353 3536 383 3596 1ο
398 3533 511 3598 idonea
525 3531 647 3596 cultura
657 3535 724 3598 tum
739 3530 918 3612 scientifice,
927 3536 995 3596 tum
1004 3550 1070 3598 mc-

227 3655 292 3702 ιοιι.
311 3657 332 3704 ι.
948 3640 981 3698 io
