2514 4014
547 317 775 366 rnoneoousnn.
1087 303 1121 362 Η

188 421 350 520 disiectioi
371 459 543 538 quamlibet
556 461 719 524 scientiam
740 479 830 523 suem
849 459 966 521 hebere
982 458 1121 538 ὼρὶεαηι,

188 569 268 630 qua,
286 550 381 611 veluti
394 569 506 612 norme
521 552 707 631 disoipIinae,
725 554 864 614 numana
878 569 966 612 mens
986 551 1027 611 ad
1041 551 1124 610 veri-

187 642 267 703 tatis
283 642 512 704 assecutionem
527 644 688 723 dirigatur.
712 645 802 708 Unde
827 647 859 705 ot
872 647 979 706 nostra
992 641 1124 705 seientia

188 752 287 794 suam
299 752 424 814 quoquo
436 735 572 813 logicum
585 736 702 798 habere
715 736 919 816 dignoscitur.

234 825 299 888 Sed
312 830 345 886 2⁰
360 825 401 885 ad
414 826 537 906 logicam
543 826 710 908 perfectam
729 829 792 890 duo
807 827 1019 907 requiruntur,
1035 825 1124 886 vide-

186 918 267 978 licet
284 937 290 977 :
307 921 341 977 10
361 919 396 978 ut
419 917 519 978 fontes
532 920 714 998 aperiantur
726 920 809 981 unde
827 919 974 981 veritates
998 919 1123 978 haurire

189 1009 372 1083 valeamus3
386 1011 586 1071 2⁰ut1nodus
602 1011 824 1092 doceaturque
836 1011 990 1090 possimus
1005 1029 1043 1070 ox
1057 1009 1123 1070 fon·

189 1101 279 1162 tibus
291 1100 456 1162 veritatem
466 1103 603 1164 haurire.

232 1195 250 1254 J
254 1211 306 1252 am
320 1211 395 1253 vero
414 1193 515 1256 fontes
525 1194 606 1275 juris
620 1194 761 1256 oanonioi
775 1195 858 1255 unde
877 1195 951 1275 juro
966 1198 997 1255 et
1017 1193 1122 1280 officia

190 1284 355 1345 christiani
369 1286 476 1365 populi
489 1285 615 1347 haurire
628 1289 760 1364 oportet,
773 1290 845 1348 sunt
854 1304 990 1347 oenones
998 1288 1030 1347 et
1037 1286 1123 1364 leges

190 1377 352 1437 Ecclesiae.
375 1377 487 1438 Modus
508 1377 684 1438 inveniendi
708 1378 893 1454 veritatem,
910 1376 941 1438 in
966 1395 1000 1437 re
1016 1379 1123 1437 nostro

190 1469 409 1547 interpretatio
437 1473 493 1530 est.
508 1471 590 1548 Ergo
609 1469 753 1531 trsotntio
769 1472 877 1530 nostro
893 1468 1122 1529 institutionum

193 1561 419 1622 canonicarum
442 1561 474 1621 in
497 1561 576 1621 duas
590 1565 695 1640 partes
719 1560 888 1636 dividitur,
904 1560 1052 1620 videlieet
1068 1558 1122 1619 :in

187 1659 308 1732 portem
321 1653 496 1733 generalem,
520 1671 589 1732 quae
611 1655 641 1715 1⁰
665 1654 703 1714 de
717 1653 855 1714 fontibus
870 1669 924 1712 seu
940 1651 978 1712 de
1000 1651 1123 1728 legibus

194 1745 402 1824 generantem
419 1750 451 1807 2⁰
464 1746 502 1805 de
519 1745 612 1807 modo
628 1745 824 1807 inveniendae
841 1742 992 1818 veritatis,
1014 1760 1069 1802 seu
1084 1742 1123 1802 de

193 1837 451 1915 interpretatione
476 1837 601 1916 legum,
627 1841 757 1911 tractem
783 1840 815 1898 et
837 1837 869 1897 in
890 1843 1009 1916 portem
1030 1834 1125 1914 maqir

193 1929 357 2009 speculem,
375 1946 444 2009 quae
458 1929 499 1990 de
515 1929 636 2009 objecto
652 1929 779 2010 proprio
792 1928 872 2010 juris
899 1927 1051 2004 oanonioi,
1069 1946 1124 1988 sou

196 2021 235 2080 de
252 2020 376 2100 juribus
398 2024 430 2082 et
452 2020 562 2082 officiis
584 2020 761 2084 christionae
782 2020 938 2084 societatis
959 2039 979 2080 a
1001 2019 1123 2099 legibus

196 2112 343 2174 Ecclesiae
359 2111 574 2174 determinatis
587 2111 735 2194 disputet.
