<?xml version="1.0" encoding="UTF-8"?>
<!DOCTYPE html PUBLIC "-//W3C//DTD XHTML 1.0 Transitional//EN"
    "http://www.w3.org/TR/xhtml1/DTD/xhtml1-transitional.dtd">
<html xmlns="http://www.w3.org/1999/xhtml" xml:lang="en" lang="en">
 <head>
  <title>
</title>
<meta http-equiv="Content-Type" content="text/html;charset=utf-8" />
  <meta name='ocr-system' content='tesseract 3.04.00' />
  <meta name='ocr-capabilities' content='ocr_page ocr_carea ocr_par ocr_line ocrx_word'/>
</head>
<body>
  <div class='ocr_page' id='page_1' title='image "./institutionesju02marigoog_0067.png"; bbox 0 0 2514 4014; ppageno 0'>
   <div class='ocr_carea' id='block_1_1' title="bbox 170 313 887 382">
    <p class='ocr_par' dir='ltr' id='par_1_1' title="bbox 170 313 887 382">
     <span class='ocr_line' id='line_1_1' title="bbox 170 313 887 382; baseline 0.004 -3"><span class='ocrx_word' id='word_1_1' title='bbox 170 313 210 379; x_wconf 81' lang='grc'>60</span> <span class='ocrx_word' id='word_1_2' title='bbox 380 323 608 380; x_wconf 78' lang='lat' dir='ltr'>tnsrrrumouus</span> <span class='ocrx_word' id='word_1_3' title='bbox 629 329 711 380; x_wconf 82' lang='lat' dir='ltr'>rums</span> <span class='ocrx_word' id='word_1_4' title='bbox 733 329 887 382; x_wconf 69' lang='lat' dir='ltr'>cononici.</span> 
     </span>
    </p>
   </div>
   <div class='ocr_carea' id='block_1_2' title="bbox 170 477 1106 1864">
    <p class='ocr_par' dir='ltr' id='par_1_2' title="bbox 170 477 1106 1024">
     <span class='ocr_line' id='line_1_2' title="bbox 170 477 1106 558; baseline 0 -18"><span class='ocrx_word' id='word_1_5' title='bbox 170 497 318 558; x_wconf 79' lang='lat' dir='ltr'><strong>arrogare</strong></span> <span class='ocrx_word' id='word_1_6' title='bbox 332 477 417 540; x_wconf 89' lang='lat' dir='ltr'>visus</span> <span class='ocrx_word' id='word_1_7' title='bbox 439 482 496 540; x_wconf 86' lang='lat' dir='ltr'>est.</span> <span class='ocrx_word' id='word_1_8' title='bbox 523 481 589 540; x_wconf 83' lang='lat' dir='ltr'>Rex</span> <span class='ocrx_word' id='word_1_9' title='bbox 606 479 667 557; x_wconf 88' lang='lat' dir='ltr'>ille,</span> <span class='ocrx_word' id='word_1_10' title='bbox 689 479 775 540; x_wconf 92' lang='lat' dir='ltr'>nulla</span> <span class='ocrx_word' id='word_1_11' title='bbox 796 483 936 558; x_wconf 87' lang='lat' dir='ltr'>spectata</span> <span class='ocrx_word' id='word_1_12' title='bbox 949 479 1106 540; x_wconf 85' lang='lat' dir='ltr'>canonica</span> 
     </span>
     <span class='ocr_line' id='line_1_3' title="bbox 171 572 1103 652; baseline 0.001 -19"><span class='ocrx_word' id='word_1_13' title='bbox 171 572 331 650; x_wconf 76' lang='lat' dir='ltr'>electione,</span> <span class='ocrx_word' id='word_1_14' title='bbox 360 572 542 652; x_wconf 78' lang='lat' dir='ltr'>imponebat</span> <span class='ocrx_word' id='word_1_15' title='bbox 565 573 711 634; x_wconf 86' lang='lat' dir='ltr'>Ecclesiae</span> <span class='ocrx_word' id='word_1_16' title='bbox 728 589 806 652; x_wconf 88' lang='lat' dir='ltr'>quos</span> <span class='ocrx_word' id='word_1_17' title='bbox 821 573 915 635; x_wconf 86' lang='lat' dir='ltr'>vellet</span> <span class='ocrx_word' id='word_1_18' title='bbox 942 573 1103 651; x_wconf 76' lang='lat' dir='ltr'>praelatoS,</span> 
     </span>
     <span class='ocr_line' id='line_1_4' title="bbox 171 665 1106 745; baseline 0 -19"><span class='ocrx_word' id='word_1_19' title='bbox 171 666 249 726; x_wconf 90' lang='lat' dir='ltr'>adeo</span> <span class='ocrx_word' id='word_1_20' title='bbox 265 669 300 728; x_wconf 89' lang='lat' dir='ltr'>ut</span> <span class='ocrx_word' id='word_1_21' title='bbox 314 666 512 745; x_wconf 80' lang='lat' dir='ltr'>episcopatus</span> <span class='ocrx_word' id='word_1_22' title='bbox 526 666 611 726; x_wconf 90' lang='lat' dir='ltr'>haud</span> <span class='ocrx_word' id='word_1_23' title='bbox 627 685 717 726; x_wconf 90' lang='lat' dir='ltr'>secus</span> <span class='ocrx_word' id='word_1_24' title='bbox 732 685 769 726; x_wconf 90' lang='lat' dir='ltr'>ac</span> <span class='ocrx_word' id='word_1_25' title='bbox 788 666 980 745; x_wconf 80' lang='lat' dir='ltr'>principatus</span> <span class='ocrx_word' id='word_1_26' title='bbox 995 665 1106 726; x_wconf 90' lang='lat' dir='ltr'>civiles</span> 
     </span>
     <span class='ocr_line' id='line_1_5' title="bbox 171 759 1104 839; baseline 0 -20"><span class='ocrx_word' id='word_1_27' title='bbox 171 759 218 820; x_wconf 92' lang='lat' dir='ltr'>sui</span> <span class='ocrx_word' id='word_1_28' title='bbox 242 759 364 838; x_wconf 90' lang='lat' dir='ltr'>imperii</span> <span class='ocrx_word' id='word_1_29' title='bbox 403 760 607 839; x_wconf 88' lang='lat' dir='ltr'>dispensaret.</span> <span class='ocrx_word' id='word_1_30' title='bbox 640 762 756 821; x_wconf 87' lang='lat' dir='ltr'>Graves</span> <span class='ocrx_word' id='word_1_31' title='bbox 780 760 852 820; x_wconf 89' lang='lat' dir='ltr'>inde</span> <span class='ocrx_word' id='word_1_32' title='bbox 881 779 918 820; x_wconf 94' lang='lat' dir='ltr'>ac</span> <span class='ocrx_word' id='word_1_33' title='bbox 946 759 1104 820; x_wconf 84' lang='lat' dir='ltr'>diuturnae</span> 
     </span>
     <span class='ocr_line' id='line_1_6' title="bbox 172 851 1106 932; baseline -0.001 -20"><span class='ocrx_word' id='word_1_34' title='bbox 172 855 248 913; x_wconf 84' lang='lat' dir='ltr'>ortae</span> <span class='ocrx_word' id='word_1_35' title='bbox 272 855 345 912; x_wconf 89' lang='lat' dir='ltr'>sunt</span> <span class='ocrx_word' id='word_1_36' title='bbox 368 853 532 913; x_wconf 80' lang='lat' dir='ltr'>discordiae</span> <span class='ocrx_word' id='word_1_37' title='bbox 558 852 640 913; x_wconf 90' lang='lat' dir='ltr'>inter</span> <span class='ocrx_word' id='word_1_38' title='bbox 662 853 846 932; x_wconf 88' lang='lat' dir='ltr'>Gregorium</span> <span class='ocrx_word' id='word_1_39' title='bbox 873 855 927 914; x_wconf 90' lang='lat' dir='ltr'>Vll</span> <span class='ocrx_word' id='word_1_40' title='bbox 942 857 974 914; x_wconf 92' lang='lat' dir='ltr'>et</span> <span class='ocrx_word' id='word_1_41' title='bbox 992 851 1106 913; x_wconf 89' lang='lat' dir='ltr'>Henri-</span> 
     </span>
     <span class='ocr_line' id='line_1_7' title="bbox 172 947 305 1024; baseline 0.023 -20"><span class='ocrx_word' id='word_1_42' title='bbox 172 947 305 1024; x_wconf 85' lang='lat' dir='ltr'>cule.</span> 
     </span>
    </p>

    <p class='ocr_par' dir='ltr' id='par_1_3' title="bbox 171 1039 1106 1864">
     <span class='ocr_line' id='line_1_8' title="bbox 211 1039 1106 1118; baseline -0.002 -18"><span class='ocrx_word' id='word_1_43' title='bbox 211 1039 352 1100; x_wconf 82' lang='lat' dir='ltr'>Tandem</span> <span class='ocrx_word' id='word_1_44' title='bbox 376 1039 434 1099; x_wconf 91' lang='lat' dir='ltr'>sub</span> <span class='ocrx_word' id='word_1_45' title='bbox 461 1039 585 1100; x_wconf 86' lang='lat' dir='ltr'>Callisto</span> <span class='ocrx_word' id='word_1_46' title='bbox 612 1039 649 1116; x_wconf 95' lang='lat' dir='ltr'>ll,</span> <span class='ocrx_word' id='word_1_47' title='bbox 682 1039 821 1118; x_wconf 83' lang='lat' dir='ltr'>Gregorii</span> <span class='ocrx_word' id='word_1_48' title='bbox 848 1057 1041 1116; x_wconf 79' lang='lat' dir='ltr'>successore,</span> <span class='ocrx_word' id='word_1_49' title='bbox 1071 1041 1106 1099; x_wconf 90' lang='lat' dir='ltr'>et</span> 
     </span>
     <span class='ocr_line' id='line_1_9' title="bbox 171 1131 1103 1210; baseline 0 -18"><span class='ocrx_word' id='word_1_50' title='bbox 171 1132 304 1193; x_wconf 89' lang='lat' dir='ltr'>Henrioo</span> <span class='ocrx_word' id='word_1_51' title='bbox 325 1135 362 1209; x_wconf 87' lang='lat' dir='ltr'>V,</span> <span class='ocrx_word' id='word_1_52' title='bbox 380 1133 454 1193; x_wconf 89' lang='lat' dir='ltr'>dicti</span> <span class='ocrx_word' id='word_1_53' title='bbox 476 1133 601 1194; x_wconf 90' lang='lat' dir='ltr'>Henrici</span> <span class='ocrx_word' id='word_1_54' title='bbox 626 1150 816 1210; x_wconf 88' lang='lat' dir='ltr'>successore,</span> <span class='ocrx_word' id='word_1_55' title='bbox 841 1152 891 1192; x_wconf 88' lang='lat' dir='ltr'>res</span> <span class='ocrx_word' id='word_1_56' title='bbox 917 1133 978 1193; x_wconf 89' lang='lat' dir='ltr'>alio</span> <span class='ocrx_word' id='word_1_57' title='bbox 1007 1131 1103 1192; x_wconf 91' lang='lat' dir='ltr'>modo</span> 
     </span>
     <span class='ocr_line' id='line_1_10' title="bbox 171 1223 1105 1307; baseline 0.001 -23"><span class='ocrx_word' id='word_1_58' title='bbox 171 1223 344 1303; x_wconf 87' lang='lat' dir='ltr'>composita</span> <span class='ocrx_word' id='word_1_59' title='bbox 370 1229 426 1286; x_wconf 89' lang='lat' dir='ltr'>est.</span> <span class='ocrx_word' id='word_1_60' title='bbox 445 1228 562 1289; x_wconf 87' lang='lat' dir='ltr'>Verum</span> <span class='ocrx_word' id='word_1_61' title='bbox 581 1226 661 1305; x_wconf 86' lang='lat' dir='ltr'>iguis</span> <span class='ocrx_word' id='word_1_62' title='bbox 679 1226 730 1287; x_wconf 92' lang='lat' dir='ltr'>ille</span> <span class='ocrx_word' id='word_1_63' title='bbox 748 1226 801 1307; x_wconf 92' lang='lat' dir='ltr'>qui</span> <span class='ocrx_word' id='word_1_64' title='bbox 828 1230 997 1303; x_wconf 86' lang='lat' dir='ltr'>exarserat,</span> <span class='ocrx_word' id='word_1_65' title='bbox 1017 1244 1105 1287; x_wconf 90' lang='lat' dir='ltr'>oom-</span> 
     </span>
     <span class='ocr_line' id='line_1_11' title="bbox 171 1318 1102 1402; baseline 0 -25"><span class='ocrx_word' id='word_1_66' title='bbox 171 1318 263 1396; x_wconf 91' lang='lat' dir='ltr'>primi</span> <span class='ocrx_word' id='word_1_67' title='bbox 285 1318 412 1396; x_wconf 90' lang='lat' dir='ltr'>quidem</span> <span class='ocrx_word' id='word_1_68' title='bbox 434 1321 566 1396; x_wconf 83' lang='lat' dir='ltr'>poterat,</span> <span class='ocrx_word' id='word_1_69' title='bbox 595 1320 680 1380; x_wconf 92' lang='lat' dir='ltr'>nullo</span> <span class='ocrx_word' id='word_1_70' title='bbox 710 1323 815 1402; x_wconf 81' lang='lat' dir='ltr'>autem</span> <span class='ocrx_word' id='word_1_71' title='bbox 836 1321 930 1380; x_wconf 92' lang='lat' dir='ltr'>modo</span> <span class='ocrx_word' id='word_1_72' title='bbox 946 1318 1102 1397; x_wconf 88' lang='lat' dir='ltr'>extingui;</span> 
     </span>
     <span class='ocr_line' id='line_1_12' title="bbox 171 1411 1106 1492; baseline 0.001 -22"><span class='ocrx_word' id='word_1_73' title='bbox 171 1411 327 1490; x_wconf 83' lang='lat' dir='ltr'>zelotypia</span> <span class='ocrx_word' id='word_1_74' title='bbox 342 1411 497 1490; x_wconf 89' lang='lat' dir='ltr'>siquidem</span> <span class='ocrx_word' id='word_1_75' title='bbox 516 1412 721 1491; x_wconf 89' lang='lat' dir='ltr'>auctoritatis,</span> <span class='ocrx_word' id='word_1_76' title='bbox 740 1431 809 1492; x_wconf 80' lang='lat' dir='ltr'>quaa</span> <span class='ocrx_word' id='word_1_77' title='bbox 830 1413 1007 1474; x_wconf 88' lang='lat' dir='ltr'>concitabat</span> <span class='ocrx_word' id='word_1_78' title='bbox 1018 1412 1106 1491; x_wconf 88' lang='lat' dir='ltr'>prin-</span> 
     </span>
     <span class='ocr_line' id='line_1_13' title="bbox 173 1504 1106 1585; baseline 0 -21"><span class='ocrx_word' id='word_1_79' title='bbox 173 1505 256 1583; x_wconf 89' lang='lat' dir='ltr'>cipes</span> <span class='ocrx_word' id='word_1_80' title='bbox 277 1507 385 1564; x_wconf 90' lang='lat' dir='ltr'>contra</span> <span class='ocrx_word' id='word_1_81' title='bbox 403 1504 477 1584; x_wconf 87' lang='lat' dir='ltr'>jura</span> <span class='ocrx_word' id='word_1_82' title='bbox 501 1505 727 1583; x_wconf 88' lang='lat' dir='ltr'>ecclesiastica,</span> <span class='ocrx_word' id='word_1_83' title='bbox 753 1507 855 1567; x_wconf 90' lang='lat' dir='ltr'>sedari</span> <span class='ocrx_word' id='word_1_84' title='bbox 880 1506 1106 1585; x_wconf 87' lang='lat' dir='ltr'>aliquantisper</span> 
     </span>
     <span class='ocr_line' id='line_1_14' title="bbox 173 1597 1105 1677; baseline -0.002 -17"><span class='ocrx_word' id='word_1_85' title='bbox 173 1597 283 1677; x_wconf 92' lang='lat' dir='ltr'>potuit,</span> <span class='ocrx_word' id='word_1_86' title='bbox 301 1598 386 1659; x_wconf 90' lang='lat' dir='ltr'>nullo</span> <span class='ocrx_word' id='word_1_87' title='bbox 398 1603 503 1660; x_wconf 91' lang='lat' dir='ltr'>autem</span> <span class='ocrx_word' id='word_1_88' title='bbox 517 1599 611 1660; x_wconf 90' lang='lat' dir='ltr'>modo</span> <span class='ocrx_word' id='word_1_89' title='bbox 626 1599 710 1674; x_wconf 89' lang='lat' dir='ltr'>tolli;</span> <span class='ocrx_word' id='word_1_90' title='bbox 727 1599 789 1660; x_wconf 90' lang='lat' dir='ltr'>imo</span> <span class='ocrx_word' id='word_1_91' title='bbox 805 1600 930 1661; x_wconf 89' lang='lat' dir='ltr'>videtur</span> <span class='ocrx_word' id='word_1_92' title='bbox 942 1602 1024 1659; x_wconf 90' lang='lat' dir='ltr'>Deus</span> <span class='ocrx_word' id='word_1_93' title='bbox 1035 1617 1105 1676; x_wconf 90' lang='lat' dir='ltr'>per·</span> 
     </span>
     <span class='ocr_line' id='line_1_15' title="bbox 174 1692 1104 1770; baseline -0.001 -19"><span class='ocrx_word' id='word_1_94' title='bbox 174 1692 294 1754; x_wconf 88' lang='lat' dir='ltr'>misisse</span> <span class='ocrx_word' id='word_1_95' title='bbox 320 1695 355 1753; x_wconf 92' lang='lat' dir='ltr'>ut</span> <span class='ocrx_word' id='word_1_96' title='bbox 378 1711 486 1754; x_wconf 91' lang='lat' dir='ltr'>omues</span> <span class='ocrx_word' id='word_1_97' title='bbox 508 1693 653 1770; x_wconf 83' lang='lat' dir='ltr'>haereses,</span> <span class='ocrx_word' id='word_1_98' title='bbox 680 1693 785 1753; x_wconf 92' lang='lat' dir='ltr'>omnia</span> <span class='ocrx_word' id='word_1_99' title='bbox 799 1693 978 1770; x_wconf 87' lang='lat' dir='ltr'>schismata,</span> <span class='ocrx_word' id='word_1_100' title='bbox 996 1711 1104 1752; x_wconf 89' lang='lat' dir='ltr'>omnes</span> 
     </span>
     <span class='ocr_line' id='line_1_16' title="bbox 175 1785 1102 1864; baseline 0 -20"><span class='ocrx_word' id='word_1_101' title='bbox 175 1785 308 1864; x_wconf 90' lang='lat' dir='ltr'>politicae</span> <span class='ocrx_word' id='word_1_102' title='bbox 325 1785 536 1846; x_wconf 84' lang='lat' dir='ltr'>revolutiones</span> <span class='ocrx_word' id='word_1_103' title='bbox 556 1804 625 1864; x_wconf 89' lang='lat' dir='ltr'>quac</span> <span class='ocrx_word' id='word_1_104' title='bbox 648 1804 667 1846; x_wconf 93' lang='lat' dir='ltr'>a</span> <span class='ocrx_word' id='word_1_105' title='bbox 690 1786 804 1846; x_wconf 89' lang='lat' dir='ltr'>saeculo</span> <span class='ocrx_word' id='word_1_106' title='bbox 820 1787 861 1846; x_wconf 87' lang='grc' dir='ltr'>ΙΙΙ</span> <span class='ocrx_word' id='word_1_107' title='bbox 877 1786 917 1846; x_wconf 92' lang='lat' dir='ltr'>ad</span> <span class='ocrx_word' id='word_1_108' title='bbox 931 1802 989 1845; x_wconf 89' lang='lat' dir='ltr'>nos</span> <span class='ocrx_word' id='word_1_109' title='bbox 1003 1803 1102 1864; x_wconf 89' lang='lat' dir='ltr'>usque</span> 
     </span>
    </p>
   </div>
   <div class='ocr_carea' id='block_1_3' title="bbox 176 1878 1210 1959">
    <p class='ocr_par' dir='ltr' id='par_1_4' title="bbox 176 1871 1251 1966">
     <span class='ocr_line' id='line_1_17' title="bbox 176 1878 1210 1959; baseline 0.004 -21"><span class='ocrx_word' id='word_1_110' title='bbox 176 1881 402 1954; x_wconf 88' lang='lat' dir='ltr'>successerunt,</span> <span class='ocrx_word' id='word_1_111' title='bbox 419 1897 526 1938; x_wconf 91' lang='lat' dir='ltr'>omnes</span> <span class='ocrx_word' id='word_1_112' title='bbox 539 1878 570 1937; x_wconf 94' lang='lat' dir='ltr'>in</span> <span class='ocrx_word' id='word_1_113' title='bbox 585 1879 617 1939; x_wconf 93' lang='lat' dir='ltr'>id</span> <span class='ocrx_word' id='word_1_114' title='bbox 633 1879 848 1958; x_wconf 88' lang='lat' dir='ltr'>conspirarent</span> <span class='ocrx_word' id='word_1_115' title='bbox 860 1883 895 1941; x_wconf 87' lang='lat' dir='ltr'>ui</span> <span class='ocrx_word' id='word_1_116' title='bbox 909 1878 983 1959; x_wconf 87' lang='lat' dir='ltr'>jura</span> <span class='ocrx_word' id='word_1_117' title='bbox 1002 1881 1103 1956; x_wconf 88' lang='lat' dir='ltr'>potes·</span> <span class='ocrx_word' id='word_1_118' title='bbox 1183 1895 1186 1900; x_wconf 70' lang='lat'>‘</span> <span class='ocrx_word' id='word_1_119' title='bbox 1209 1893 1210 1898; x_wconf 76' lang='grc'>’</span> 
     </span>
    </p>
   </div>
   <div class='ocr_carea' id='block_1_4' title="bbox 101 1970 1105 3639">
    <p class='ocr_par' dir='ltr' id='par_1_5' title="bbox 175 1970 1103 2144">
     <span class='ocr_line' id='line_1_18' title="bbox 175 1970 1103 2051; baseline -0.001 -20"><span class='ocrx_word' id='word_1_120' title='bbox 175 1970 247 2031; x_wconf 87' lang='lat' dir='ltr'>tatis</span> <span class='ocrx_word' id='word_1_121' title='bbox 278 1970 495 2032; x_wconf 90' lang='lat' dir='ltr'>ecclesiasticae</span> <span class='ocrx_word' id='word_1_122' title='bbox 524 1972 642 2033; x_wconf 90' lang='lat' dir='ltr'>directo</span> <span class='ocrx_word' id='word_1_123' title='bbox 666 1972 902 2050; x_wconf 85' lang='lat' dir='ltr'>imminuerent,</span> <span class='ocrx_word' id='word_1_124' title='bbox 928 1971 1103 2051; x_wconf 90' lang='lat' dir='ltr'>principum</span> 
     </span>
     <span class='ocr_line' id='line_1_19' title="bbox 176 2063 564 2144; baseline 0.008 -20"><span class='ocrx_word' id='word_1_125' title='bbox 176 2067 280 2124; x_wconf 84' lang='lat' dir='ltr'>autem</span> <span class='ocrx_word' id='word_1_126' title='bbox 286 2063 360 2144; x_wconf 88' lang='lat' dir='ltr'>jura</span> <span class='ocrx_word' id='word_1_127' title='bbox 370 2065 564 2127; x_wconf 84' lang='lat' dir='ltr'>extollerent.</span> 
     </span>
    </p>

    <p class='ocr_par' dir='ltr' id='par_1_6' title="bbox 101 2156 1105 3432">
     <span class='ocr_line' id='line_1_20' title="bbox 215 2156 1104 2239; baseline 0.001 -22"><span class='ocrx_word' id='word_1_128' title='bbox 215 2159 281 2218; x_wconf 90' lang='lat' dir='ltr'>Hoc</span> <span class='ocrx_word' id='word_1_129' title='bbox 293 2157 377 2217; x_wconf 91' lang='lat' dir='ltr'>enim</span> <span class='ocrx_word' id='word_1_130' title='bbox 386 2158 445 2219; x_wconf 89' lang='lat' dir='ltr'>fuit</span> <span class='ocrx_word' id='word_1_131' title='bbox 453 2159 615 2238; x_wconf 91' lang='lat' dir='ltr'>proprium</span> <span class='ocrx_word' id='word_1_132' title='bbox 623 2159 784 2220; x_wconf 79' lang='lat' dir='ltr'>haereseon</span> <span class='ocrx_word' id='word_1_133' title='bbox 795 2160 888 2239; x_wconf 88' lang='lat' dir='ltr'>atque</span> <span class='ocrx_word' id='word_1_134' title='bbox 901 2156 1104 2219; x_wconf 90' lang='lat' dir='ltr'>schismatum</span> 
     </span>
     <span class='ocr_line' id='line_1_21' title="bbox 176 2251 1104 2331; baseline 0 -21"><span class='ocrx_word' id='word_1_135' title='bbox 176 2251 275 2311; x_wconf 75' lang='lat' dir='ltr'>atatis</span> <span class='ocrx_word' id='word_1_136' title='bbox 288 2254 413 2328; x_wconf 90' lang='lat' dir='ltr'>nostrae,</span> <span class='ocrx_word' id='word_1_137' title='bbox 428 2271 492 2312; x_wconf 88' lang='lat' dir='ltr'>non</span> <span class='ocrx_word' id='word_1_138' title='bbox 509 2251 708 2331; x_wconf 81' lang='lat' dir='ltr'>dogmatibus</span> <span class='ocrx_word' id='word_1_139' title='bbox 723 2252 798 2331; x_wconf 90' lang='lat' dir='ltr'>ipsis</span> <span class='ocrx_word' id='word_1_140' title='bbox 812 2252 1037 2328; x_wconf 90' lang='lat' dir='ltr'>contradicere,</span> <span class='ocrx_word' id='word_1_141' title='bbox 1054 2251 1104 2311; x_wconf 86' lang='lat' dir='ltr'>vel</span> 
     </span>
     <span class='ocr_line' id='line_1_22' title="bbox 101 2343 1104 2424; baseline -0.001 -21"><span class='ocrx_word' id='word_1_142' title='bbox 101 2352 105 2363; x_wconf 91' lang='lat'>&#39;</span> <span class='ocrx_word' id='word_1_143' title='bbox 176 2343 308 2404; x_wconf 89' lang='lat' dir='ltr'>defaoto</span> <span class='ocrx_word' id='word_1_144' title='bbox 333 2344 543 2406; x_wconf 89' lang='lat' dir='ltr'>obedientiam</span> <span class='ocrx_word' id='word_1_145' title='bbox 560 2345 706 2406; x_wconf 79' lang='lat' dir='ltr'>Ecclesiae</span> <span class='ocrx_word' id='word_1_146' title='bbox 717 2345 902 2422; x_wconf 89' lang='lat' dir='ltr'>detrectare,</span> <span class='ocrx_word' id='word_1_147' title='bbox 919 2345 975 2406; x_wconf 91' lang='lat' dir='ltr'>sed</span> <span class='ocrx_word' id='word_1_148' title='bbox 989 2343 1104 2424; x_wconf 90' lang='lat' dir='ltr'>prinei-</span> 
     </span>
     <span class='ocr_line' id='line_1_23' title="bbox 174 2436 1104 2517; baseline 0.002 -22"><span class='ocrx_word' id='word_1_149' title='bbox 174 2436 261 2514; x_wconf 92' lang='lat' dir='ltr'>pium</span> <span class='ocrx_word' id='word_1_150' title='bbox 270 2437 447 2498; x_wconf 89' lang='lat' dir='ltr'>rebellionis</span> <span class='ocrx_word' id='word_1_151' title='bbox 456 2441 565 2499; x_wconf 89' lang='lat' dir='ltr'>contra</span> <span class='ocrx_word' id='word_1_152' title='bbox 575 2437 642 2517; x_wconf 87' lang='lat' dir='ltr'>ejus</span> <span class='ocrx_word' id='word_1_153' title='bbox 653 2438 871 2499; x_wconf 89' lang='lat' dir='ltr'>auctoritatem</span> <span class='ocrx_word' id='word_1_154' title='bbox 880 2438 986 2499; x_wconf 91' lang='lat' dir='ltr'>fovere</span> <span class='ocrx_word' id='word_1_155' title='bbox 995 2437 1104 2516; x_wconf 90' lang='lat' dir='ltr'>ipsius-</span> 
     </span>
     <span class='ocr_line' id='line_1_24' title="bbox 176 2530 1104 2610; baseline 0.001 -21"><span class='ocrx_word' id='word_1_156' title='bbox 176 2547 236 2608; x_wconf 90' lang='lat' dir='ltr'>que</span> <span class='ocrx_word' id='word_1_157' title='bbox 246 2530 437 2592; x_wconf 87' lang='lat' dir='ltr'>auctoritatis</span> <span class='ocrx_word' id='word_1_158' title='bbox 445 2535 658 2609; x_wconf 89' lang='lat' dir='ltr'>contemptum</span> <span class='ocrx_word' id='word_1_159' title='bbox 666 2550 853 2610; x_wconf 71' lang='lat' dir='ltr'>propagare,</span> <span class='ocrx_word' id='word_1_160' title='bbox 862 2534 908 2593; x_wconf 89' lang='lat' dir='ltr'>lta</span> <span class='ocrx_word' id='word_1_161' title='bbox 920 2531 1034 2592; x_wconf 84' lang='lat' dir='ltr'>saeculo</span> <span class='ocrx_word' id='word_1_162' title='bbox 1048 2530 1104 2590; x_wconf 91' lang='grc' dir='ltr'>ΧΙΙ</span> 
     </span>
     <span class='ocr_line' id='line_1_25' title="bbox 176 2623 1104 2704; baseline 0.001 -22"><span class='ocrx_word' id='word_1_163' title='bbox 176 2623 332 2684; x_wconf 82' lang='lat' dir='ltr'>Arnaldus</span> <span class='ocrx_word' id='word_1_164' title='bbox 342 2623 520 2702; x_wconf 86' lang='lat' dir='ltr'>Brixiensis,</span> <span class='ocrx_word' id='word_1_165' title='bbox 537 2625 594 2685; x_wconf 92' lang='lat' dir='ltr'>sub</span> <span class='ocrx_word' id='word_1_166' title='bbox 610 2624 740 2685; x_wconf 90' lang='lat' dir='ltr'>obtentu</span> <span class='ocrx_word' id='word_1_167' title='bbox 755 2625 893 2686; x_wconf 84' lang='lat' dir='ltr'>colendae</span> <span class='ocrx_word' id='word_1_168' title='bbox 911 2623 1104 2704; x_wconf 88' lang='lat' dir='ltr'>paupertatis</span> 
     </span>
     <span class='ocr_line' id='line_1_26' title="bbox 176 2717 1105 2797; baseline 0.001 -22"><span class='ocrx_word' id='word_1_169' title='bbox 176 2717 376 2794; x_wconf 85' lang='lat' dir='ltr'>evangelicae,</span> <span class='ocrx_word' id='word_1_170' title='bbox 400 2717 568 2778; x_wconf 88' lang='lat' dir='ltr'>seditiones</span> <span class='ocrx_word' id='word_1_171' title='bbox 589 2719 737 2780; x_wconf 87' lang='lat' dir='ltr'>movebat</span> <span class='ocrx_word' id='word_1_172' title='bbox 760 2721 869 2779; x_wconf 87' lang='lat' dir='ltr'>contra</span> <span class='ocrx_word' id='word_1_173' title='bbox 893 2718 1105 2797; x_wconf 89' lang='lat' dir='ltr'>possessiones</span> 
     </span>
     <span class='ocr_line' id='line_1_27' title="bbox 177 2809 1104 2891; baseline 0 -23"><span class='ocrx_word' id='word_1_174' title='bbox 177 2809 362 2870; x_wconf 90' lang='lat' dir='ltr'>clericorum</span> <span class='ocrx_word' id='word_1_175' title='bbox 383 2815 414 2871; x_wconf 93' lang='lat' dir='ltr'>et</span> <span class='ocrx_word' id='word_1_176' title='bbox 434 2811 672 2888; x_wconf 90' lang='lat' dir='ltr'>monachorum,</span> <span class='ocrx_word' id='word_1_177' title='bbox 694 2812 882 2891; x_wconf 74' lang='lat' dir='ltr'>revehatque</span> <span class='ocrx_word' id='word_1_178' title='bbox 902 2811 1104 2872; x_wconf 89' lang='lat' dir='ltr'>rebellionem</span> 
     </span>
     <span class='ocr_line' id='line_1_28' title="bbox 176 2901 1104 2984; baseline 0 -21"><span class='ocrx_word' id='word_1_179' title='bbox 176 2901 282 2981; x_wconf 90' lang='lat' dir='ltr'>populi</span> <span class='ocrx_word' id='word_1_180' title='bbox 306 2903 428 2963; x_wconf 80' lang='lat' dir='ltr'>romani</span> <span class='ocrx_word' id='word_1_181' title='bbox 453 2908 562 2966; x_wconf 89' lang='lat' dir='ltr'>contra</span> <span class='ocrx_word' id='word_1_182' title='bbox 585 2905 760 2984; x_wconf 82' lang='lat' dir='ltr'>Eugenium</span> <span class='ocrx_word' id='word_1_183' title='bbox 783 2921 898 2983; x_wconf 88' lang='lat' dir='ltr'>papam</span> <span class='ocrx_word' id='word_1_184' title='bbox 925 2905 976 2982; x_wconf 90' lang='grc' dir='ltr'>ΙΙΙ,</span> <span class='ocrx_word' id='word_1_185' title='bbox 998 2907 1104 2982; x_wconf 91' lang='lat' dir='ltr'>aperte</span> 
     </span>
     <span class='ocr_line' id='line_1_29' title="bbox 176 2995 1102 3078; baseline 0 -22"><span class='ocrx_word' id='word_1_186' title='bbox 176 2995 317 3057; x_wconf 89' lang='lat' dir='ltr'>docendo</span> <span class='ocrx_word' id='word_1_187' title='bbox 344 2997 490 3060; x_wconf 74' lang='lat' dir='ltr'>Ecclesia</span> <span class='ocrx_word' id='word_1_188' title='bbox 513 2999 700 3077; x_wconf 90' lang='lat' dir='ltr'>temporalia</span> <span class='ocrx_word' id='word_1_189' title='bbox 719 2998 793 3078; x_wconf 88' lang='lat' dir='ltr'>jura</span> <span class='ocrx_word' id='word_1_190' title='bbox 814 2997 956 3059; x_wconf 91' lang='lat' dir='ltr'>imminui</span> <span class='ocrx_word' id='word_1_191' title='bbox 976 2997 1102 3073; x_wconf 91' lang='lat' dir='ltr'>debere,</span> 
     </span>
     <span class='ocr_line' id='line_1_30' title="bbox 176 3089 1104 3170; baseline -0.001 -21"><span class='ocrx_word' id='word_1_192' title='bbox 176 3089 250 3150; x_wconf 86' lang='lat' dir='ltr'>solis</span> <span class='ocrx_word' id='word_1_193' title='bbox 270 3089 314 3150; x_wconf 89' lang='lat' dir='ltr'>illi</span> <span class='ocrx_word' id='word_1_194' title='bbox 329 3090 445 3151; x_wconf 89' lang='lat' dir='ltr'>relictis</span> <span class='ocrx_word' id='word_1_195' title='bbox 472 3090 683 3169; x_wconf 82' lang='lat' dir='ltr'>spiritualibus</span> <span class='ocrx_word' id='word_1_196' title='bbox 694 3089 828 3170; x_wconf 89' lang='lat' dir='ltr'>juribus.</span> <span class='ocrx_word' id='word_1_197' title='bbox 848 3091 899 3152; x_wconf 83' lang='lat' dir='ltr'>Sic</span> <span class='ocrx_word' id='word_1_198' title='bbox 915 3095 946 3152; x_wconf 86' lang='lat' dir='ltr'>et</span> <span class='ocrx_word' id='word_1_199' title='bbox 959 3091 1104 3152; x_wconf 89' lang='lat' dir='ltr'>Walden-</span> 
     </span>
     <span class='ocr_line' id='line_1_31' title="bbox 175 3183 1105 3262; baseline 0.001 -21"><span class='ocrx_word' id='word_1_200' title='bbox 175 3200 235 3258; x_wconf 88' lang='lat' dir='ltr'>ses,</span> <span class='ocrx_word' id='word_1_201' title='bbox 251 3183 308 3242; x_wconf 89' lang='lat' dir='ltr'>sub</span> <span class='ocrx_word' id='word_1_202' title='bbox 328 3184 457 3245; x_wconf 90' lang='lat' dir='ltr'>obtentu</span> <span class='ocrx_word' id='word_1_203' title='bbox 473 3184 722 3262; x_wconf 87' lang='lat' dir='ltr'>reprehendendi</span> <span class='ocrx_word' id='word_1_204' title='bbox 735 3184 811 3246; x_wconf 86' lang='lat' dir='ltr'>vitia</span> <span class='ocrx_word' id='word_1_205' title='bbox 824 3184 1019 3261; x_wconf 89' lang='lat' dir='ltr'>clericorum,</span> <span class='ocrx_word' id='word_1_206' title='bbox 1036 3183 1105 3243; x_wconf 92' lang='lat' dir='ltr'>illo-</span> 
     </span>
     <span class='ocr_line' id='line_1_32' title="bbox 176 3277 1104 3358; baseline 0.004 -26"><span class='ocrx_word' id='word_1_207' title='bbox 176 3293 246 3333; x_wconf 91' lang='lat' dir='ltr'>rum</span> <span class='ocrx_word' id='word_1_208' title='bbox 259 3278 467 3338; x_wconf 87' lang='lat' dir='ltr'>correctiones</span> <span class='ocrx_word' id='word_1_209' title='bbox 479 3277 669 3355; x_wconf 90' lang='lat' dir='ltr'>spernebant</span> <span class='ocrx_word' id='word_1_210' title='bbox 679 3277 984 3358; x_wconf 87' lang='lat' dir='ltr'>ecclesiasticamque</span> <span class='ocrx_word' id='word_1_211' title='bbox 999 3280 1104 3338; x_wconf 89' lang='lat' dir='ltr'>aucto-</span> 
     </span>
     <span class='ocr_line' id='line_1_33' title="bbox 175 3367 716 3432; baseline 0.009 -5"><span class='ocrx_word' id='word_1_212' title='bbox 175 3367 300 3428; x_wconf 88' lang='lat' dir='ltr'>ritatem</span> <span class='ocrx_word' id='word_1_213' title='bbox 312 3367 496 3430; x_wconf 88' lang='lat' dir='ltr'>imminuere</span> <span class='ocrx_word' id='word_1_214' title='bbox 512 3371 716 3432; x_wconf 88' lang='lat' dir='ltr'>conabantur.</span> 
     </span>
    </p>

    <p class='ocr_par' dir='ltr' id='par_1_7' title="bbox 176 3462 1103 3639">
     <span class='ocr_line' id='line_1_34' title="bbox 217 3462 1103 3552; baseline 0.003 -31"><span class='ocrx_word' id='word_1_215' title='bbox 217 3463 242 3521; x_wconf 86' lang='lat' dir='ltr'>V</span> <span class='ocrx_word' id='word_1_216' title='bbox 245 3463 267 3520; x_wconf 95' lang='lat' dir='ltr'>l.</span> <span class='ocrx_word' id='word_1_217' title='bbox 287 3462 407 3522; x_wconf 82' lang='lat' dir='ltr'>Saeeulo</span> <span class='ocrx_word' id='word_1_218' title='bbox 423 3465 492 3525; x_wconf 89' lang='lat' dir='ltr'>XIV</span> <span class='ocrx_word' id='word_1_219' title='bbox 503 3463 668 3552; x_wconf 68' lang='lat' dir='ltr'>Pontifices</span> <span class='ocrx_word' id='word_1_220' title='bbox 680 3465 817 3542; x_wconf 83' lang='lat' dir='ltr'>Maximi,</span> <span class='ocrx_word' id='word_1_221' title='bbox 829 3465 981 3527; x_wconf 84' lang='lat' dir='ltr'>Avenioui</span> <span class='ocrx_word' id='word_1_222' title='bbox 996 3465 1103 3526; x_wconf 89' lang='lat' dir='ltr'>sedem</span> 
     </span>
     <span class='ocr_line' id='line_1_35' title="bbox 176 3553 1101 3639; baseline 0.005 -20"><span class='ocrx_word' id='word_1_223' title='bbox 176 3569 266 3620; x_wconf 82' lang='lat' dir='ltr'>suam</span> <span class='ocrx_word' id='word_1_224' title='bbox 291 3555 524 3639; x_wconf 86' lang='lat' dir='ltr'>transferentes,</span> <span class='ocrx_word' id='word_1_225' title='bbox 544 3556 739 3620; x_wconf 90' lang='lat' dir='ltr'>occasionem</span> <span class='ocrx_word' id='word_1_226' title='bbox 766 3557 922 3622; x_wconf 86' lang='lat' dir='ltr'>dederunt</span> <span class='ocrx_word' id='word_1_227' title='bbox 944 3553 1101 3625; x_wconf 75' lang='lat' dir='ltr'>schismai‘</span> 
     </span>
    </p>
   </div>
   <div class='ocr_carea' id='block_1_5' title="bbox 0 0 1267 4014">
    <p class='ocr_par' dir='ltr' id='par_1_8' title="bbox 0 0 1267 4014">
     <span class='ocr_line' id='line_1_36' title="bbox 0 0 1267 4014; baseline 0 0"><span class='ocrx_word' id='word_1_228' title='bbox 0 0 1267 4014; x_wconf 95' lang='lat' dir='ltr'> </span> 
     </span>
    </p>
   </div>
  </div>
 </body>
</html>
