2484 4016
166 303 226 368 aaa
375 316 604 370 ruaurorronns
624 321 708 369 mars
730 320 884 371 uasorum.

204 463 237 527 3·
256 467 531 540 Quemadmodum
545 471 636 530 aneto
648 468 753 548 rigore
770 469 892 530 interno
907 467 1103 531 familiarum

166 559 375 640 regularium,
391 561 484 623 tarda
504 561 649 640 periodo,
678 562 854 642 augebatur
877 562 1032 641 exemptio
1055 563 1103 624 ad

166 657 263 731 extra,
272 654 442 717 iteratione
457 655 592 731 inversa,
601 655 711 716 eadem
719 654 1103 736 proportione'quaemol-

164 745 220 808 lita
241 749 288 809 est
305 747 470 810 austemtas
493 747 618 809 interna
643 748 832 810 familiarum
851 748 1043 828 regularium
1065 753 1102 811 et

150 843 295 902 externa
320 840 475 921 exemptio
489 841 548 902 tuit
567 840 741 903 imminuta.
762 841 852 903 Unde
867 859 942 902 sess.
959 845 989 918 5,
1015 845 1045 919 a,
1059 845 1098 920 ⁸1,

167 936 215 1011 lu,
233 937 281 1011 ld,
294 937 332 996 22
346 935 468 998 oonoilii
485 934 669 1011 Tridentini,
686 934 926 1013 pluresfuernnt
937 951 1100 997 oonoessae

166 1027 329 1090 facultates
343 1028 497 1110 episeopis
509 1046 605 1107 supra
616 1028 787 1106 regulares,
804 1027 883 1089 adeo
896 1030 931 1089 nt
948 1045 1010 1089 non
1024 1031 1104 1090 ten-

166 1125 235 1181 tum
248 1121 409 1200 regulares
431 1120 585 1200 episeopis
604 1120 707 1182 forent
721 1120 852 1201 subjecti
866 1124 1017 1200 tanquam
1032 1120 1102 1182 ole-

165 1212 232 1290 rioi,
244 1214 295 1275 vel
309 1231 366 1295 pro
379 1218 524 1276 contactu
540 1231 633 1294 quem
647 1213 806 1274 habebant
822 1231 893 1274 onm
908 1213 1100 1275 dioeoesanis

167 1307 263 1388 (quod
276 1323 400 1386 semper
410 1307 566 1386 obtinuit),
581 1307 636 1368 sed
654 1306 747 1368 etiam
767 1309 919 1386 tanquam
934 1307 1099 1386 regulares

164 1399 395 1482 subjicerentur
417 1400 586 1480 episeopo,
613 1417 675 1460 non
693 1405 849 1479 tanquam
863 1400 1019 1478 episeopo,
1038 1401 1099 1462 sed

164 1495 314 1575 tanquam
333 1493 476 1573 delegato
496 1491 778 1574 apostolioaesedis,
791 1492 968 1554 servatosio
979 1493 1099 1572 prinoi-

163 1585 215 1666 pio
227 1585 442 1665 exemptionis.

203 1693 267 1756 Neo
278 1692 380 1754 solum
394 1691 439 1754 ita
448 1691 614 1754 imminuta
622 1694 669 1753 est
676 1691 842 1771 exemptio,
852 1690 907 1752 sed
915 1690 1010 1752 etiam
1020 1691 1096 1772 jure

163 1784 309 1848 delinitus
324 1788 371 1847 est
382 1801 529 1846 numerus
545 1783 598 1865 qui
613 1783 807 1845 necessarius
826 1788 874 1845 est
884 1784 916 1844 in
934 1784 1096 1846 eonsenti-

162 1880 222 1943 bus
237 1877 439 1958 regularium,
455 1878 488 1938 iu
499 1877 589 1940 ltalia
602 1878 633 1938 et
646 1876 678 1937 iu
692 1877 801 1938 insulis
815 1876 1041 1956 adjacentibus,
1058 1880 1097 1940 ut

162 1971 324 2056 regulares
351 1975 479 2051 possent
501 1969 607 2051 aliqua
632 1970 770 2050 gaudere
798 1971 1003 2049 exemptione.
1033 1970 1096 2042 Qui

162 2083 246 2128 nuno
269 2071 376 2126 autem
397 2065 437 2126 sit
458 2063 509 2125 hio
528 2081 687 2140 numerus,
702 2063 814 2124 dednei
834 2065 936 2142 potest
956 2081 994 2124 ex
1017 2081 1095 2125 oon-

163 2159 322 2220 stitutione
351 2157 392 2220 Ut
410 2158 441 2217 in
457 2143 575 2238 poetie‘:
590 2160 624 2218 ut
646 2157 837 2218 monasteria
859 2160 986 2236 possent
1008 2157 1093 2217 alere

162 2251 203 2314 ed
222 2250 326 2313 minus
341 2267 395 2312 sex
411 2249 587 2330 religiosos,
605 2267 738 2330 quorum
758 2253 892 2329 quatuor
913 2250 974 2310 sint
990 2267 1093 2310 sacer

161 2345 260 2408 dotes.
275 2343 308 2406 si
321 2343 502 2405 reeentioris
522 2343 724 2406 institutionis
742 2343 821 2419 sint,
844 2342 960 2404 debent
973 2341 1093 2404 duode-

62 2434 67 2442 ’
161 2439 223 2502 eim
237 2435 354 2500 habere
368 2435 541 2517 religiosos,
557 2454 691 2517 quorum
704 2438 775 2496 ooto
790 2435 968 2497 sacerdotes
982 2435 1054 2498 sint.

270 2643 301 2682 Da
313 2637 451 2682 utilitatibus
464 2649 517 2690 quus
528 2637 652 2688 huiusmodi
662 2637 820 2679 obluitudines
830 2637 853 2679 in
868 2637 986 2678 Bermion

549 2706 698 2746 rettulerunt.

201 2868 296 2932 XXll.
321 2870 352 2928 1ο
373 2865 532 2946 Mitigatus
550 2864 636 2943 rigor
646 2861 799 2942 regularis
815 2861 999 2941 disoiplinoe,
1013 2863 1090 2927 dum

161 2982 199 3024 ex
210 2980 275 3024 une
286 2959 539 3041 parteoonsulnit
549 2957 705 3020 scandalis
715 2975 784 3036 quae
795 2955 977 3018 oriebantur
991 2973 1089 3035 quum

159 3055 376 3134 languesoeret
389 3052 516 3132 spiritus
526 3051 692 3130 primitiva
705 3048 897 3112 fundationis
912 3047 1089 3128 (austeritas

159 3147 192 3210 in
204 3147 426 3209 detrimentum
439 3144 543 3224 potius
556 3161 651 3224 qnam
661 3143 694 3203 in
705 3142 824 3204 bonum
838 3140 981 3203 vertebat
995 3140 1090 3204 disei-

158 3239 252 3319 pune
264 3238 440 3319 regularia),
455 3257 493 3300 ex
507 3237 568 3299 alia
579 3235 706 3298 abstulit
720 3234 862 3297 societati
874 3251 944 3294 eam
958 3233 1089 3313 physio-

158 3332 297 3395 nomium
310 3335 468 3394 ausuram
475 3329 679 3411 paupertatis,
691 3343 767 3408 quse
773 3328 859 3392 velut
864 3326 1088 3392 inecoessibilis

157 3425 295 3486 hnmano
305 3425 425 3502 greasm
437 3424 612 3486 videbatur.

196 3529 327 3606 insuper
340 3546 476 3606 peream
489 3547 655 3592 oooursum
670 3529 717 3596 est
734 3508 863 3591 naribus
874 3525 1016 3590 delibatis
1027 3545 1087 3590 εω-
