2514 4014
331 343 440 393 nosnos
454 342 618 394 ‘srncmus
639 345 723 395 :vrrs
750 347 906 398 annosior.
1049 337 1089 400 29

189 487 240 549 lv.
264 487 383 550 Contra
396 505 472 550 vero
487 487 653 570 disciplina,
670 487 701 550 vi
711 489 847 552 nominis
860 491 1012 571 spectate,
1023 508 1086 555 uon

154 582 199 640 est
211 578 270 640 nisi
284 583 399 641 norma
414 580 545 658 agendi,
567 597 637 660 qua
661 581 687 642 si
706 581 862 644 referatur
880 582 921 643 ed
941 583 1085 646 ordinem

152 671 407 749 ecclesiasticum,
425 671 531 752 inquo
550 672 641 753 juxta
653 673 749 736 fidem
763 693 869 736 moros
887 676 1084 753 gubernandi

152 768 223 827 sunt
236 767 272 826 ut
286 765 328 826 nd
342 768 493 826 aeternam
507 765 604 828 vitum
613 783 671 829 nos
682 766 829 845 dirigant,
846 767 1011 846 disciplina
1023 768 1085 832 dici

150 860 278 938 potest:
295 857 405 938 procis
425 857 532 938 cpendi
547 859 701 920 secundom
714 859 820 940 fidem,
837 878 893 921 seu
911 861 1085 924 secundum

151 951 270 1030 dogma
291 951 377 1030 quod
398 950 565 1013 oredimus.
590 950 680 1014 Unde
708 969 902 1032 consequens
930 953 1084 1032 estquod

150 1048 266 1105 nature
279 1043 451 1122 disciplinae
470 1041 588 1106 nonsit
606 1047 720 1106 nature
738 1043 903 1125 cujusdam
919 1044 1084 1108 abstracto

149 1156 205 1198 seu
220 1136 372 1198 absoluta
391 1136 541 1214 veritatis,
566 1155 636 1217 quae
658 1136 791 1216 proinde
810 1135 1003 1198 invariabilis
1024 1137 1081 1211 sit;

150 1229 320 1308 sodpotius
337 1231 405 1290 tota
417 1228 499 1290 illius
521 1232 635 1292 natura
655 1229 797 1292 consistit
813 1229 845 1290 in
865 1228 1082 1309 investigando

150 1341 233 1382 nexu
249 1339 312 1402 quo
326 1321 445 1383 factum
460 1341 532 1382 oum
546 1321 678 1384 veritate
690 1321 909 1402 conjungetur.

187 1413 1084 1493 Totaergonaturadisciplinaeconsistitininvestigsnda

149 1505 302 1569 relatione
315 1497 414 1587 qnam
424 1508 542 1570 fectum
557 1507 716 1586 agendum
729 1507 826 1569 hubet
840 1525 912 1569 oum
924 1505 1083 1569 credenda

151 1599 293 1662 veritate.

189 1695 227 1754 V.
250 1694 323 1758 lam
337 1709 413 1753 vero
429 1692 480 1754 hic
497 1692 586 1770 ordo,
603 1693 672 1754 haeo
692 1691 814 1766 relatio,
837 1688 889 1751 hic
909 1708 1007 1751 uerus
1026 1689 1083 1752 nli-

150 1785 275 1864 quondo
291 1787 339 1846 est
353 1784 495 1846 absolute
509 1783 715 1860 necessarius,
732 1780 900 1862 aliquando
911 1799 997 1844 mere
1010 1799 1082 1844 con·

148 1876 283 1958 tingens.
308 1871 398 1940 Unde'
429 1877 461 1939 in
487 1878 685 1956 primocasu
707 1874 871 1954 disciplina
891 1873 1082 1936 invariabilis

149 1975 206 2046 est,
222 1969 255 2030 in
270 1969 368 2031 altero
383 1970 559 2032 necessario
573 1959 738 2031 variabilis
748 1971 805 2052 ost.

188 2064 270 2124 Sunt
283 2061 367 2122 enim
379 2062 628 2141 quasdamfaota,
644 2061 790 2142 quedam
802 2078 915 2139 praxes
926 2077 996 2139 quaa
1007 2059 1080 2139 jure

148 2155 254 2217 divino
271 2154 315 2216 ita
336 2150 408 2215 cum
427 2155 574 2234 dogmate
594 2157 823 2216 connectuntur
841 2155 877 2214 ui
897 2151 959 2214 sint
980 2151 1080 2212 unicae

148 2247 363 2328 expressiones
378 2247 533 2326 dogmatis
553 2247 661 2327 ipsius,
679 2245 817 2326 solaeque
830 2244 951 2324 possint
965 2243 1082 2323 dogma

147 2340 232 2422 quod
246 2339 403 2402 oredimus
417 2339 595 2419 significare
614 2342 708 2419 atque
727 2339 873 2401 effectum
893 2339 1081 2416 supernatu-

146 2434 256 2510 ralem,
275 2451 368 2512 quem
387 2449 561 2512 speramus,
578 2431 720 2510 operari;
736 2429 827 2506 siout,
844 2449 875 2492 v.
898 2449 944 2509 g.,
968 2446 1080 2508 prauos

146 2526 287 2606 ritusque
302 2543 410 2588 omues
427 2525 669 2586 sacramentales
691 2521 879 2584 considerati
904 2521 936 2581 in
957 2539 1015 2582 suo
1031 2538 1080 2581 es-

146 2618 257 2695 sentia,
273 2617 307 2678 in
320 2635 379 2678 sua
392 2616 576 2693 substantia,
593 2619 748 2696 quatenus
763 2617 836 2676 sunt
857 2613 970 2674 divinae
991 2611 1080 2673 insti-

146 2711 284 2774 tutionis.
304 2711 378 2782 Quae
393 2727 516 2788 praxus,
534 2721 606 2770 oum
616 2708 787 2770 consistant
796 2707 829 2768 in
841 2704 965 2785 agendo
976 2704 1078 2784 potius

147 2822 242 2883 quam
261 2803 294 2863 in
315 2802 483 2879 credendo,
507 2805 676 2881 propterea
696 2799 916 2881 ingrediuntur
937 2798 1078 2863 ordinem

145 2895 332 2976 disciplinae3
346 2898 563 2957 verumtamen
572 2914 615 2969 ¹ou
625 2894 725 2956 altera
736 2896 825 2974 parte
835 2893 880 2954 ita
889 2891 995 2953 divino
1006 2891 1078 2971 jura

144 2993 216 3051 sunt
226 2989 402 3050 constitutos
412 2991 458 3066 ut,
470 2986 531 3049 illis
538 2987 678 3065 variatis,
692 2989 820 3048 effectus
833 2982 1078 3063 supernaturalis

146 3099 202 3143 nec
217 3081 410 3162 significetur
424 3099 481 3143 nec
496 3079 747 3143 osusetunUude
760 3076 930 3159 quamdam
942 3074 1077 3153 discipli·

147 3175 373 3235 namEoclesiae
383 3173 630 3254 fundamentales
641 3172 834 3235 constituunt
843 3185 938 3249 quam
950 3167 1077 3248 dogma·

147 3267 198 3328 tici
212 3267 352 3329 uadunt.

185 3359 262 3421 indo
273 3362 320 3420 ost
330 3358 415 3439 quod
426 3359 578 3439 ejusmodi
588 3375 701 3440 praxes
714 3355 884 3436 quamdam
895 3355 1077 3436 dogmatum

145 3451 418 3515 invariabilitatem
430 3451 628 3532 participant.

186 3545 237 3607 vl.
262 3544 325 3607 Sed
346 3545 414 3606 aliae
437 3563 545 3606 omues
571 3561 683 3624 praxes
708 3542 855 3606 Ecclesiae
881 3559 943 3604 non
968 3541 1078 3602 tonent

957 3643 987 3698 2*
1105 3683 1107 3688 ·
