2514 4014
171 285 210 347 dl
382 296 609 346 1nsr1rcnonss
629 299 712 346 runis
734 296 888 346 ornamur.

172 441 286 519 nnsis,
302 441 455 506 rationem
471 442 636 523 cujusdam
650 443 801 521 utilitatis,
821 444 871 504 vel
890 442 1108 524 hypotheticae

173 533 375 612 necessitatis,
387 555 484 615 quum
494 536 539 597 ita
550 541 643 617 rupta
658 537 826 598 concordia
841 541 887 598 est
902 536 983 599 inter
996 555 1109 598 sacer-

173 628 293 688 dotium
317 632 348 690 et
372 629 556 708 imperium,
578 635 613 692 ut
637 631 662 690 si
688 629 969 692 ecclesiasticorum
981 630 1107 710 jurium

173 720 355 782 exercitium
373 722 598 802 aliquantisper
620 742 682 784 non
703 727 948 802 temperaretur,
979 723 1108 801 integra

173 832 271 892 regna
297 815 433 877 schisma
456 815 659 877 minarentur.
681 818 763 895 Ergo
792 815 900 895 positis
922 815 1106 896 hujusmodi

174 906 424 985 circumstantiis,
440 909 630 970 concordata
645 909 761 969 habere
779 912 941 987 caeperunt
956 927 1025 968 eam
1046 927 1107 986 cp-

173 1001 397 1078 portunitatem
420 1002 470 1062 vel
496 1001 713 1064 necessitatem
743 1019 838 1080 quam
862 1001 901 1061 de
927 1020 960 1061 se
984 1001 1107 1060 nullam

175 1093 301 1156 habent.

213 1191 267 1246 2⁰⁰¹
278 1189 347 1249 Gor.
362 1187 483 1268 Tricies
493 1188 743 1268 assipaacipotest
752 1186 989 1248 concordatoram
1000 1205 1107 1261 caasa,·

172 1279 266 1340 altera
279 1299 379 1360 acinpe
393 1281 588 1355 occasionalis,
605 1281 700 1341 altero
716 1280 835 1355 motiva,
852 1281 945 1341 altera
958 1279 1102 1360 efficiens.

215 1371 426 1434 occasionalem
444 1374 646 1452 prebuerunt
666 1374 828 1453 opiniones
848 1373 1012 1435 contrariae
1030 1390 1106 1432 aue-

174 1465 290 1528 toritati
300 1466 515 1528 ecclesiastica
528 1485 605 1545 ques
615 1466 752 1528 vidimus
760 1467 793 1527 in
802 1466 972 1526 maximam
980 1464 1106 1544 copiam

175 1559 268 1621 luisse
283 1560 343 1620 hac
355 1559 465 1621 ultima
476 1563 568 1620 aetate
582 1562 807 1639 propugnatos.

202 1656 316 1716 Causa
340 1653 448 1714 motiva
472 1653 531 1713 fuit
550 1652 678 1714 ambitio
702 1651 889 1730 principum,
915 1650 967 1729 qui
992 1669 1106 1729 nempe

176 1750 339 1825 eoeperunt
353 1746 523 1807 Ecclesiam
537 1745 648 1808 timere
667 1749 816 1824 tanquam
837 1743 983 1805 aemulam
1002 1747 1033 1804 et
1054 1762 1106 1804 ea-

175 1843 303 1918 propter
312 1838 436 1918 juribus
446 1839 528 1898 illius
540 1838 691 1899 invidere.

217 1930 365 2011 Efficiam
378 1933 483 1991 autem
499 1948 593 1992 eausa
607 1930 665 1991 fuit
685 1929 781 2008 ipsius
800 1928 946 1989 Ecclesiae
962 1932 1107 1990 materna

175 2023 274 2102 pietas
287 2026 318 2084 et
330 2022 516 2100 sollicitudo,
529 2041 600 2103 quae
611 2041 723 2101 nempe
740 2040 837 2101 quum
848 2025 954 2099 posset
965 2022 1106 2082 medium

175 2115 408 2195 compositionis
425 2116 563 2195 reperire
583 2116 615 2176 in
632 2117 881 2194 temperamento
902 2113 1038 2175 exercitii
1053 2114 1106 2195 ju-

174 2209 256 2269 rium
279 2209 337 2269 sibi
357 2209 610 2287 competentium,
635 2208 695 2269 hoc
716 2207 826 2268 maluit
852 2207 1105 2286 arripere·quam

172 2301 295 2382 juribus
305 2301 379 2380 ipsis
393 2302 515 2378 cedere,
535 2302 619 2380 quod
634 2301 775 2378 inspecta
793 2299 899 2360 divina
913 2298 1105 2360 institutione

175 2394 304 2454 minime
317 2398 450 2472 poterat,
471 2395 520 2455 vel
542 2412 637 2472 quam
657 2393 794 2471 plurium
816 2391 1019 2452 eeclesiarum
1035 2411 1105 2469 par·

175 2487 353 2548 ticularium
376 2487 500 2547 ruinam
524 2486 720 2565 permittere,
744 2485 828 2564 quod
851 2487 1001 2546 maternae
1022 2483 1104 2545 illius

177 2580 324 2642 obstabat
336 2579 536 2642 sollicitudini
552 2583 583 2640 et
593 2579 750 2640 charitati.

215 2676 268 2734 3⁰⁰¹
290 2675 359 2734 Gor.
384 2671 469 2732 Finis
489 2678 615 2751 propter
639 2690 724 2752 qaam
751 2671 924 2732 concordata
945 2669 1107 2729 irritasunt

175 2784 232 2825 aaa
244 2765 306 2844 fait
316 2764 425 2824 directe
438 2763 555 2848 quidem
565 2772 593 2824 ct
603 2763 730 2825 absolate
742 2764 857 2824 utilitas
872 2763 902 2823 ia
911 2782 951 2840 se,
965 2780 1033 2842 quae
1048 2781 1104 2841 pro

175 2859 269 2919 rebus
296 2855 443 2918 Ecclesiae
467 2857 587 2934 sperari
608 2860 731 2936 poterat
753 2858 786 2916 in
805 2857 974 2932 abstracto,
1000 2854 1107 2916 sedec

175 2951 289 3012 utilitas
301 2949 424 3010 relativa
439 2956 468 3008 et
484 2957 627 3026 concreta,
645 2969 714 3028 quae
729 2950 848 3029 sperari
863 2952 987 3029 poterat
1000 2947 1025 3008 si
1039 2966 1106 3009 res-

175 3048 352 3106 tauraretur
363 3043 414 3104 vel
426 3047 604 3104 servaretur
618 3042 787 3104 concordia
801 3042 1012 3104 secerdotium
1024 3041 1107 3102 inter

177 3141 207 3198 et
219 3137 397 3216 imperium,
410 3153 480 3216 quae
496 3136 593 3195 semel
607 3136 741 3215 abrupta
756 3139 834 3197 erat.

213 3233 269 3288 4⁰¹³
291 3231 360 3291 Gor.
386 3229 515 3290 Mediam
533 3229 654 3290 electam
674 3229 704 3289 in
726 3228 802 3290 banc
820 3228 909 3310 finon
932 3227 993 3301 suit
1013 3227 1107 3288 amica

176 3321 310 3402 quaedam
330 3323 488 3399 conventio,
511 3341 568 3384 seu
588 3326 732 3402 pactum,
749 3322 799 3382 vel
815 3324 994 3383 contractus
1010 3318 1106 3382 initus

175 3414 258 3476 inter
273 3415 351 3473 duas
366 3433 528 3492 supremas
542 3419 722 3494 potestates,
736 3414 978 3476 ecclesiasticam
993 3431 1106 3498 nempe

176 3511 208 3574 et
221 3505 354 3571 civilem.
417 3499 423 3506 '
