<?xml version="1.0" encoding="UTF-8"?>
<!DOCTYPE html PUBLIC "-//W3C//DTD XHTML 1.0 Transitional//EN"
    "http://www.w3.org/TR/xhtml1/DTD/xhtml1-transitional.dtd">
<html xmlns="http://www.w3.org/1999/xhtml" xml:lang="en" lang="en">
 <head>
  <title>
</title>
<meta http-equiv="Content-Type" content="text/html;charset=utf-8" />
  <meta name='ocr-system' content='tesseract 3.04.00' />
  <meta name='ocr-capabilities' content='ocr_page ocr_carea ocr_par ocr_line ocrx_word'/>
</head>
<body>
  <div class='ocr_page' id='page_1' title='image "./institutionesju02marigoog_0259.png"; bbox 0 0 2512 4012; ppageno 0'>
   <div class='ocr_carea' id='block_1_1' title="bbox 193 277 1039 346">
    <p class='ocr_par' dir='ltr' id='par_1_1' title="bbox 193 277 1039 346">
     <span class='ocr_line' id='line_1_1' title="bbox 193 277 1039 346; baseline -0.009 0"><span class='ocrx_word' id='word_1_1' title='bbox 193 277 251 346; x_wconf 70' lang='lat' dir='ltr'>ita</span> <span class='ocrx_word' id='word_1_2' title='bbox 402 287 631 344; x_wconf 72' lang='lat' dir='ltr'>innumerosas</span> <span class='ocrx_word' id='word_1_3' title='bbox 650 285 733 342; x_wconf 73' lang='lat' dir='ltr'>noers</span> <span class='ocrx_word' id='word_1_4' title='bbox 755 287 909 342; x_wconf 79' lang='lat' dir='ltr'>ememor.</span> <span class='ocrx_word' id='word_1_5' title='bbox 1037 333 1039 338; x_wconf 81' lang='grc'>,</span> 
     </span>
    </p>
   </div>
   <div class='ocr_carea' id='block_1_2' title="bbox 190 437 1133 985">
    <p class='ocr_par' dir='ltr' id='par_1_2' title="bbox 192 437 1133 596">
     <span class='ocr_line' id='line_1_2' title="bbox 192 437 1133 524; baseline -0.004 -21"><span class='ocrx_word' id='word_1_6' title='bbox 192 442 436 524; x_wconf 71' lang='lat' dir='ltr'>contendebant¹</span> <span class='ocrx_word' id='word_1_7' title='bbox 449 441 488 502; x_wconf 90' lang='lat' dir='ltr'>de</span> <span class='ocrx_word' id='word_1_8' title='bbox 515 443 643 518; x_wconf 87' lang='lat' dir='ltr'>papatu,</span> <span class='ocrx_word' id='word_1_9' title='bbox 668 439 713 501; x_wconf 91' lang='lat' dir='ltr'>ita</span> <span class='ocrx_word' id='word_1_10' title='bbox 737 457 846 500; x_wconf 88' lang='lat' dir='ltr'>omnes</span> <span class='ocrx_word' id='word_1_11' title='bbox 872 456 945 499; x_wconf 88' lang='lat' dir='ltr'>suos</span> <span class='ocrx_word' id='word_1_12' title='bbox 964 437 1133 500; x_wconf 81' lang='lat' dir='ltr'>habebant</span> 
     </span>
     <span class='ocr_line' id='line_1_3' title="bbox 192 535 377 596; baseline 0 -1"><span class='ocrx_word' id='word_1_13' title='bbox 192 535 377 596; x_wconf 75' lang='lat' dir='ltr'><strong>cardinales.</strong></span> 
     </span>
    </p>

    <p class='ocr_par' dir='ltr' id='par_1_3' title="bbox 190 623 1130 985">
     <span class='ocr_line' id='line_1_4' title="bbox 233 623 1130 706; baseline -0.003 -17"><span class='ocrx_word' id='word_1_14' title='bbox 233 627 295 689; x_wconf 89' lang='lat' dir='ltr'>Sed</span> <span class='ocrx_word' id='word_1_15' title='bbox 315 626 444 688; x_wconf 86' lang='lat' dir='ltr'>demum</span> <span class='ocrx_word' id='word_1_16' title='bbox 465 626 569 688; x_wconf 82' lang='lat' dir='ltr'>Sirius</span> <span class='ocrx_word' id='word_1_17' title='bbox 590 628 617 687; x_wconf 84' lang='lat' dir='ltr'><strong>V</strong></span> <span class='ocrx_word' id='word_1_18' title='bbox 640 625 918 686; x_wconf 84' lang='lat' dir='ltr'>-constitutione</span> <span class='ocrx_word' id='word_1_19' title='bbox 945 623 1130 706; x_wconf 73' lang='lat' dir='ltr'><strong><em>Priusquam</em></strong></span> 
     </span>
     <span class='ocr_line' id='line_1_5' title="bbox 190 716 1130 797; baseline -0.003 -17"><span class='ocrx_word' id='word_1_20' title='bbox 190 739 285 795; x_wconf 82' lang='lat' dir='ltr'>veros,</span> <span class='ocrx_word' id='word_1_21' title='bbox 301 718 548 782; x_wconf 70' lang='lat' dir='ltr'>{billi—statuit</span> <span class='ocrx_word' id='word_1_22' title='bbox 571 720 606 778; x_wconf 98' lang='lat' dir='ltr'>ut</span> <span class='ocrx_word' id='word_1_23' title='bbox 619 716 651 776; x_wconf 94' lang='lat' dir='ltr'>in</span> <span class='ocrx_word' id='word_1_24' title='bbox 664 721 825 797; x_wconf 86' lang='lat' dir='ltr'>posterum</span> <span class='ocrx_word' id='word_1_25' title='bbox 847 719 927 778; x_wconf 88' lang='lat' dir='ltr'>LXX</span> <span class='ocrx_word' id='word_1_26' title='bbox 951 722 1034 778; x_wconf 89' lang='lat' dir='ltr'>esset</span> <span class='ocrx_word' id='word_1_27' title='bbox 1054 736 1130 778; x_wconf 87' lang='lat' dir='ltr'>car-</span> 
     </span>
     <span class='ocr_line' id='line_1_6' title="bbox 191 809 1128 888; baseline -0.002 -16"><span class='ocrx_word' id='word_1_28' title='bbox 191 812 343 873; x_wconf 89' lang='lat' dir='ltr'>dinalium</span> <span class='ocrx_word' id='word_1_29' title='bbox 366 829 534 886; x_wconf 87' lang='lat' dir='ltr'>numerus,</span> <span class='ocrx_word' id='word_1_30' title='bbox 563 809 724 870; x_wconf 87' lang='lat' dir='ltr'>adinstar</span> <span class='ocrx_word' id='word_1_31' title='bbox 756 812 837 870; x_wconf 89' lang='lat' dir='ltr'>LXX</span> <span class='ocrx_word' id='word_1_32' title='bbox 860 809 1019 870; x_wconf 87' lang='lat' dir='ltr'>seniorum</span> <span class='ocrx_word' id='word_1_33' title='bbox 1043 829 1128 888; x_wconf 90' lang='lat' dir='ltr'>quos</span> 
     </span>
     <span class='ocr_line' id='line_1_7' title="bbox 193 901 1129 985; baseline -0.003 -20"><span class='ocrx_word' id='word_1_34' title='bbox 193 905 297 985; x_wconf 86' lang='lat' dir='ltr'>(Nom.</span> <span class='ocrx_word' id='word_1_35' title='bbox 323 903 367 983; x_wconf 85' lang='lat' dir='ltr'>xr)</span> <span class='ocrx_word' id='word_1_36' title='bbox 393 903 509 964; x_wconf 86' lang='lat' dir='ltr'>scimus</span> <span class='ocrx_word' id='word_1_37' title='bbox 524 921 543 962; x_wconf 88' lang='lat' dir='ltr'>a</span> <span class='ocrx_word' id='word_1_38' title='bbox 561 904 625 962; x_wconf 87' lang='lat' dir='ltr'>Deo</span> <span class='ocrx_word' id='word_1_39' title='bbox 645 901 734 963; x_wconf 86' lang='lat' dir='ltr'>datos</span> <span class='ocrx_word' id='word_1_40' title='bbox 747 902 842 962; x_wconf 81' lang='lat' dir='ltr'>fuisse</span> <span class='ocrx_word' id='word_1_41' title='bbox 856 902 955 979; x_wconf 86' lang='lat' dir='ltr'>Moysi</span> <span class='ocrx_word' id='word_1_42' title='bbox 978 901 1129 968; x_wconf 89' lang='lat' dir='ltr'>consilia-</span> 
     </span>
    </p>
   </div>
   <div class='ocr_carea' id='block_1_3' title="bbox 190 994 1249 1168">
    <p class='ocr_par' dir='ltr' id='par_1_4' title="bbox 190 994 1249 1168">
     <span class='ocr_line' id='line_1_8' title="bbox 192 994 1249 1076; baseline -0.003 -18"><span class='ocrx_word' id='word_1_43' title='bbox 192 999 255 1058; x_wconf 85' lang='lat' dir='ltr'>rios</span> <span class='ocrx_word' id='word_1_44' title='bbox 273 1017 279 1058; x_wconf 92' lang='lat'>:</span> <span class='ocrx_word' id='word_1_45' title='bbox 294 998 363 1058; x_wconf 88' lang='lat' dir='ltr'>XIV</span> <span class='ocrx_word' id='word_1_46' title='bbox 373 996 461 1056; x_wconf 88' lang='lat' dir='ltr'>fuere</span> <span class='ocrx_word' id='word_1_47' title='bbox 471 995 606 1072; x_wconf 84' lang='lat' dir='ltr'>diaconi,</span> <span class='ocrx_word' id='word_1_48' title='bbox 622 996 647 1055; x_wconf 87' lang='lat' dir='ltr'>L</span> <span class='ocrx_word' id='word_1_49' title='bbox 661 994 848 1072; x_wconf 80' lang='lat' dir='ltr'>presbyteri,</span> <span class='ocrx_word' id='word_1_50' title='bbox 869 995 909 1056; x_wconf 87' lang='lat' dir='ltr'>Vl</span> <span class='ocrx_word' id='word_1_51' title='bbox 925 995 1072 1073; x_wconf 79' lang='lat' dir='ltr'>episcopi,</span> <span class='ocrx_word' id='word_1_52' title='bbox 1092 997 1127 1056; x_wconf 88' lang='lat' dir='ltr'>in</span> <span class='ocrx_word' id='word_1_53' title='bbox 1248 1047 1249 1076; x_wconf 34' lang='lat' dir='ltr'>p</span> 
     </span>
     <span class='ocr_line' id='line_1_9' title="bbox 190 1087 1249 1168; baseline -0.001 -18"><span class='ocrx_word' id='word_1_54' title='bbox 190 1108 291 1150; x_wconf 90' lang='lat' dir='ltr'>unum</span> <span class='ocrx_word' id='word_1_55' title='bbox 301 1088 474 1168; x_wconf 87' lang='lat' dir='ltr'>conjunctis</span> <span class='ocrx_word' id='word_1_56' title='bbox 482 1087 714 1166; x_wconf 87' lang='lat' dir='ltr'>episcopatibus</span> <span class='ocrx_word' id='word_1_57' title='bbox 727 1087 977 1148; x_wconf 74' lang='lat' dir='ltr'>PortuensietS²</span> <span class='ocrx_word' id='word_1_58' title='bbox 989 1089 1123 1149; x_wconf 82' lang='lat' dir='ltr'>Rufinae.</span> <span class='ocrx_word' id='word_1_59' title='bbox 1248 1091 1249 1094; x_wconf 73' lang='grc'>’</span> 
     </span>
    </p>
   </div>
   <div class='ocr_carea' id='block_1_4' title="bbox 188 1179 1127 3589">
    <p class='ocr_par' dir='ltr' id='par_1_5' title="bbox 188 1179 1127 1632">
     <span class='ocr_line' id='line_1_10' title="bbox 191 1179 1127 1255; baseline 0 -14"><span class='ocrx_word' id='word_1_60' title='bbox 191 1182 249 1254; x_wconf 76' lang='lat' dir='ltr'>Qui</span> <span class='ocrx_word' id='word_1_61' title='bbox 275 1199 424 1241; x_wconf 87' lang='lat' dir='ltr'>numerus</span> <span class='ocrx_word' id='word_1_62' title='bbox 448 1179 619 1240; x_wconf 77' lang='lat' dir='ltr'>hodiedum</span> <span class='ocrx_word' id='word_1_63' title='bbox 644 1182 796 1255; x_wconf 85' lang='lat' dir='ltr'>servatur,</span> <span class='ocrx_word' id='word_1_64' title='bbox 827 1179 886 1238; x_wconf 88' lang='lat' dir='ltr'>bac</span> <span class='ocrx_word' id='word_1_65' title='bbox 915 1183 1020 1240; x_wconf 87' lang='lat' dir='ltr'>tamen</span> <span class='ocrx_word' id='word_1_66' title='bbox 1040 1181 1127 1241; x_wconf 86' lang='lat' dir='ltr'>facta</span> 
     </span>
     <span class='ocr_line' id='line_1_11' title="bbox 191 1271 1125 1352; baseline 0.001 -19"><span class='ocrx_word' id='word_1_67' title='bbox 191 1273 389 1349; x_wconf 80' lang='lat' dir='ltr'>differentia,</span> <span class='ocrx_word' id='word_1_68' title='bbox 432 1271 517 1352; x_wconf 88' lang='lat' dir='ltr'>quod</span> <span class='ocrx_word' id='word_1_69' title='bbox 558 1271 757 1350; x_wconf 83' lang='lat' dir='ltr'>episcopatus</span> <span class='ocrx_word' id='word_1_70' title='bbox 789 1272 1063 1333; x_wconf 77' lang='lat' dir='ltr'>centumcellensis</span> <span class='ocrx_word' id='word_1_71' title='bbox 1105 1292 1125 1334; x_wconf 88' lang='lat' dir='ltr'>a</span> 
     </span>
     <span class='ocr_line' id='line_1_12' title="bbox 190 1363 1125 1443; baseline -0.001 -16"><span class='ocrx_word' id='word_1_72' title='bbox 190 1369 294 1428; x_wconf 88' lang='lat' dir='ltr'>Leone</span> <span class='ocrx_word' id='word_1_73' title='bbox 310 1367 364 1426; x_wconf 90' lang='lat' dir='ltr'>XII</span> <span class='ocrx_word' id='word_1_74' title='bbox 377 1365 417 1426; x_wconf 87' lang='lat' dir='ltr'>ah</span> <span class='ocrx_word' id='word_1_75' title='bbox 427 1364 609 1443; x_wconf 89' lang='lat' dir='ltr'>episcopatu</span> <span class='ocrx_word' id='word_1_76' title='bbox 622 1363 810 1427; x_wconf 77' lang='lat' dir='ltr'>viterbiensi</span> <span class='ocrx_word' id='word_1_77' title='bbox 827 1363 1003 1442; x_wconf 86' lang='lat' dir='ltr'>distractus,</span> <span class='ocrx_word' id='word_1_78' title='bbox 1016 1366 1125 1427; x_wconf 89' lang='lat' dir='ltr'>unitus</span> 
     </span>
     <span class='ocr_line' id='line_1_13' title="bbox 188 1457 1122 1537; baseline 0 -18"><span class='ocrx_word' id='word_1_79' title='bbox 188 1459 282 1520; x_wconf 87' lang='lat' dir='ltr'>fuerit</span> <span class='ocrx_word' id='word_1_80' title='bbox 304 1457 497 1537; x_wconf 79' lang='lat' dir='ltr'>episcopatui</span> <span class='ocrx_word' id='word_1_81' title='bbox 520 1457 699 1530; x_wconf 85' lang='lat' dir='ltr'>Portuensi;</span> <span class='ocrx_word' id='word_1_82' title='bbox 725 1457 819 1518; x_wconf 91' lang='lat' dir='ltr'>hodie</span> <span class='ocrx_word' id='word_1_83' title='bbox 838 1475 913 1519; x_wconf 87' lang='lat' dir='ltr'>vero</span> <span class='ocrx_word' id='word_1_84' title='bbox 930 1460 1018 1520; x_wconf 90' lang='lat' dir='ltr'>aPio</span> <span class='ocrx_word' id='word_1_85' title='bbox 1033 1461 1075 1521; x_wconf 89' lang='lat' dir='ltr'>IX</span> <span class='ocrx_word' id='word_1_86' title='bbox 1088 1460 1122 1519; x_wconf 89' lang='lat' dir='ltr'>in</span> 
     </span>
     <span class='ocr_line' id='line_1_14' title="bbox 191 1550 816 1632; baseline -0.003 -19"><span class='ocrx_word' id='word_1_87' title='bbox 191 1553 382 1632; x_wconf 81' lang='lat' dir='ltr'>singularem</span> <span class='ocrx_word' id='word_1_88' title='bbox 397 1555 518 1612; x_wconf 85' lang='lat' dir='ltr'>erectus</span> <span class='ocrx_word' id='word_1_89' title='bbox 532 1555 578 1611; x_wconf 90' lang='lat' dir='ltr'>est</span> <span class='ocrx_word' id='word_1_90' title='bbox 591 1550 816 1629; x_wconf 87' lang='lat' dir='ltr'>episcopatum.</span> 
     </span>
    </p>

    <p class='ocr_par' dir='ltr' id='par_1_6' title="bbox 189 1642 1125 2170">
     <span class='ocr_line' id='line_1_15' title="bbox 233 1642 1124 1722; baseline -0.002 -16"><span class='ocrx_word' id='word_1_91' title='bbox 233 1648 300 1708; x_wconf 88' lang='lat' dir='ltr'><strong>XII.</strong></span> <span class='ocrx_word' id='word_1_92' title='bbox 325 1645 376 1708; x_wconf 86' lang='lat' dir='ltr'>Sic</span> <span class='ocrx_word' id='word_1_93' title='bbox 391 1645 466 1705; x_wconf 88' lang='lat' dir='ltr'>data</span> <span class='ocrx_word' id='word_1_94' title='bbox 480 1642 617 1717; x_wconf 89' lang='lat' dir='ltr'>notione,</span> <span class='ocrx_word' id='word_1_95' title='bbox 628 1643 793 1721; x_wconf 87' lang='lat' dir='ltr'>assignatis</span> <span class='ocrx_word' id='word_1_96' title='bbox 807 1644 969 1722; x_wconf 85' lang='lat' dir='ltr'>speciebus</span> <span class='ocrx_word' id='word_1_97' title='bbox 984 1649 1015 1706; x_wconf 89' lang='lat' dir='ltr'>et</span> <span class='ocrx_word' id='word_1_98' title='bbox 1025 1645 1124 1706; x_wconf 87' lang='lat' dir='ltr'>variis</span> 
     </span>
     <span class='ocr_line' id='line_1_16' title="bbox 189 1735 1123 1818; baseline 0 -20"><span class='ocrx_word' id='word_1_99' title='bbox 189 1739 338 1818; x_wconf 88' lang='lat' dir='ltr'>gradibus</span> <span class='ocrx_word' id='word_1_100' title='bbox 349 1736 508 1816; x_wconf 77' lang='lat' dir='ltr'>dignitatis</span> <span class='ocrx_word' id='word_1_101' title='bbox 518 1735 738 1814; x_wconf 89' lang='lat' dir='ltr'>capitulorum,</span> <span class='ocrx_word' id='word_1_102' title='bbox 752 1742 783 1796; x_wconf 87' lang='lat' dir='ltr'>et</span> <span class='ocrx_word' id='word_1_103' title='bbox 793 1737 953 1816; x_wconf 85' lang='lat' dir='ltr'>assignata</span> <span class='ocrx_word' id='word_1_104' title='bbox 967 1737 1123 1816; x_wconf 78' lang='lat' dir='ltr'>dignitate</span> 
     </span>
     <span class='ocr_line' id='line_1_17' title="bbox 192 1829 1125 1911; baseline -0.002 -19"><span class='ocrx_word' id='word_1_105' title='bbox 192 1851 297 1911; x_wconf 87' lang='lat' dir='ltr'>quam,</span> <span class='ocrx_word' id='word_1_106' title='bbox 321 1829 511 1890; x_wconf 87' lang='lat' dir='ltr'>cathedralis</span> <span class='ocrx_word' id='word_1_107' title='bbox 534 1829 635 1890; x_wconf 87' lang='lat' dir='ltr'>instar</span> <span class='ocrx_word' id='word_1_108' title='bbox 655 1829 792 1907; x_wconf 80' lang='lat' dir='ltr'>capituli,</span> <span class='ocrx_word' id='word_1_109' title='bbox 808 1831 914 1890; x_wconf 85' lang='lat' dir='ltr'>Romae</span> <span class='ocrx_word' id='word_1_110' title='bbox 930 1834 1013 1891; x_wconf 86' lang='lat' dir='ltr'>tenet</span> <span class='ocrx_word' id='word_1_111' title='bbox 1027 1831 1125 1891; x_wconf 90' lang='lat' dir='ltr'>colle-</span> 
     </span>
     <span class='ocr_line' id='line_1_18' title="bbox 190 1921 1125 2003; baseline 0.002 -21"><span class='ocrx_word' id='word_1_112' title='bbox 190 1923 277 2003; x_wconf 91' lang='lat' dir='ltr'>gium</span> <span class='ocrx_word' id='word_1_113' title='bbox 293 1924 323 1984; x_wconf 90' lang='lat' dir='ltr'>S.</span> <span class='ocrx_word' id='word_1_114' title='bbox 338 1925 373 1982; x_wconf 87' lang='lat' dir='ltr'>R.</span> <span class='ocrx_word' id='word_1_115' title='bbox 392 1924 428 1983; x_wconf 81' lang='grc' dir='ltr'>Ε.</span> <span class='ocrx_word' id='word_1_116' title='bbox 445 1924 517 1998; x_wconf 62' lang='lat' dir='ltr'>GC„</span> <span class='ocrx_word' id='word_1_117' title='bbox 536 1921 682 2001; x_wconf 87' lang='lat' dir='ltr'>quaedam</span> <span class='ocrx_word' id='word_1_118' title='bbox 695 1922 861 1982; x_wconf 88' lang='lat' dir='ltr'>statuenda</span> <span class='ocrx_word' id='word_1_119' title='bbox 883 1927 955 1984; x_wconf 90' lang='lat' dir='ltr'>sunt</span> <span class='ocrx_word' id='word_1_120' title='bbox 967 1923 1125 2002; x_wconf 90' lang='lat' dir='ltr'>principia</span> 
     </span>
     <span class='ocr_line' id='line_1_19' title="bbox 192 2014 1125 2096; baseline 0.001 -20"><span class='ocrx_word' id='word_1_121' title='bbox 192 2033 261 2096; x_wconf 82' lang='lat' dir='ltr'>quae</span> <span class='ocrx_word' id='word_1_122' title='bbox 286 2015 412 2076; x_wconf 86' lang='lat' dir='ltr'>valeant</span> <span class='ocrx_word' id='word_1_123' title='bbox 435 2014 550 2075; x_wconf 91' lang='lat' dir='ltr'>borum</span> <span class='ocrx_word' id='word_1_124' title='bbox 563 2014 767 2094; x_wconf 86' lang='lat' dir='ltr'>collegiorum</span> <span class='ocrx_word' id='word_1_125' title='bbox 783 2015 997 2077; x_wconf 88' lang='lat' dir='ltr'>auctoritatem</span> <span class='ocrx_word' id='word_1_126' title='bbox 1017 2017 1125 2077; x_wconf 89' lang='lat' dir='ltr'>deter-</span> 
     </span>
     <span class='ocr_line' id='line_1_20' title="bbox 189 2126 322 2170; baseline -0.015 0"><span class='ocrx_word' id='word_1_127' title='bbox 189 2126 322 2170; x_wconf 80' lang='lat' dir='ltr'>minare.</span> 
     </span>
    </p>

    <p class='ocr_par' dir='ltr' id='par_1_7' title="bbox 189 2200 1124 3296">
     <span class='ocr_line' id='line_1_21' title="bbox 231 2200 1124 2279; baseline 0.001 -19"><span class='ocrx_word' id='word_1_128' title='bbox 231 2203 334 2272; x_wconf 83' lang='lat' dir='ltr'>Quum</span> <span class='ocrx_word' id='word_1_129' title='bbox 345 2200 481 2278; x_wconf 87' lang='lat' dir='ltr'>capitula</span> <span class='ocrx_word' id='word_1_130' title='bbox 495 2203 527 2261; x_wconf 87' lang='lat' dir='ltr'>et</span> <span class='ocrx_word' id='word_1_131' title='bbox 536 2201 702 2279; x_wconf 86' lang='lat' dir='ltr'>collegium</span> <span class='ocrx_word' id='word_1_132' title='bbox 711 2219 850 2262; x_wconf 77' lang='lat' dir='ltr'>romana</span> <span class='ocrx_word' id='word_1_133' title='bbox 862 2202 1008 2264; x_wconf 72' lang='lat' dir='ltr'>Ecclesia</span> <span class='ocrx_word' id='word_1_134' title='bbox 1017 2202 1124 2268; x_wconf 69' lang='lat' dir='ltr'>,cardi-</span> 
     </span>
     <span class='ocr_line' id='line_1_22' title="bbox 192 2292 1124 2371; baseline 0 -17"><span class='ocrx_word' id='word_1_135' title='bbox 192 2293 310 2354; x_wconf 91' lang='lat' dir='ltr'>nalium</span> <span class='ocrx_word' id='word_1_136' title='bbox 323 2293 442 2354; x_wconf 92' lang='lat' dir='ltr'>nullam</span> <span class='ocrx_word' id='word_1_137' title='bbox 467 2292 605 2353; x_wconf 88' lang='lat' dir='ltr'>habeant</span> <span class='ocrx_word' id='word_1_138' title='bbox 628 2293 766 2354; x_wconf 89' lang='lat' dir='ltr'>divinam</span> <span class='ocrx_word' id='word_1_139' title='bbox 794 2293 1031 2371; x_wconf 88' lang='lat' dir='ltr'>institutionem,</span> <span class='ocrx_word' id='word_1_140' title='bbox 1057 2313 1124 2356; x_wconf 91' lang='lat' dir='ltr'>non</span> 
     </span>
     <span class='ocr_line' id='line_1_23' title="bbox 191 2385 1124 2466; baseline 0.003 -20"><span class='ocrx_word' id='word_1_141' title='bbox 191 2386 274 2446; x_wconf 90' lang='lat' dir='ltr'>enim</span> <span class='ocrx_word' id='word_1_142' title='bbox 298 2385 474 2466; x_wconf 89' lang='lat' dir='ltr'>presbyteri</span> <span class='ocrx_word' id='word_1_143' title='bbox 498 2389 529 2446; x_wconf 91' lang='lat' dir='ltr'>et</span> <span class='ocrx_word' id='word_1_144' title='bbox 548 2385 683 2461; x_wconf 84' lang='lat' dir='ltr'>diaconi,</span> <span class='ocrx_word' id='word_1_145' title='bbox 707 2386 761 2446; x_wconf 92' lang='lat' dir='ltr'>sed</span> <span class='ocrx_word' id='word_1_146' title='bbox 778 2387 915 2466; x_wconf 85' lang='lat' dir='ltr'>episcopi</span> <span class='ocrx_word' id='word_1_147' title='bbox 937 2389 1031 2466; x_wconf 89' lang='lat' dir='ltr'>positi</span> <span class='ocrx_word' id='word_1_148' title='bbox 1048 2392 1124 2449; x_wconf 90' lang='lat' dir='ltr'>sunt</span> 
     </span>
     <span class='ocr_line' id='line_1_24' title="bbox 191 2479 1122 2560; baseline 0 -20"><span class='ocrx_word' id='word_1_149' title='bbox 191 2499 210 2540; x_wconf 90' lang='lat' dir='ltr'>a</span> <span class='ocrx_word' id='word_1_150' title='bbox 229 2479 347 2558; x_wconf 86' lang='lat' dir='ltr'>Spiritu</span> <span class='ocrx_word' id='word_1_151' title='bbox 360 2481 475 2541; x_wconf 85' lang='lat' dir='ltr'>Sancto</span> <span class='ocrx_word' id='word_1_152' title='bbox 490 2496 600 2556; x_wconf 85' lang='lat' dir='ltr'>regere</span> <span class='ocrx_word' id='word_1_153' title='bbox 617 2479 788 2538; x_wconf 82' lang='lat' dir='ltr'>Ecclesiam</span> <span class='ocrx_word' id='word_1_154' title='bbox 804 2479 870 2556; x_wconf 88' lang='lat' dir='ltr'>Dei,</span> <span class='ocrx_word' id='word_1_155' title='bbox 887 2480 961 2540; x_wconf 90' lang='lat' dir='ltr'>inde</span> <span class='ocrx_word' id='word_1_156' title='bbox 977 2481 1122 2560; x_wconf 88' lang='lat' dir='ltr'>estquod</span> 
     </span>
     <span class='ocr_line' id='line_1_25' title="bbox 190 2570 1122 2653; baseline -0.001 -20"><span class='ocrx_word' id='word_1_157' title='bbox 190 2574 259 2634; x_wconf 87' lang='lat' dir='ltr'>baec</span> <span class='ocrx_word' id='word_1_158' title='bbox 270 2573 402 2651; x_wconf 84' lang='lat' dir='ltr'>collegia</span> <span class='ocrx_word' id='word_1_159' title='bbox 416 2571 534 2631; x_wconf 87' lang='lat' dir='ltr'>nullam</span> <span class='ocrx_word' id='word_1_160' title='bbox 549 2570 687 2631; x_wconf 88' lang='lat' dir='ltr'>habeant</span> <span class='ocrx_word' id='word_1_161' title='bbox 706 2571 935 2650; x_wconf 86' lang='lat' dir='ltr'>auctoritatem,</span> <span class='ocrx_word' id='word_1_162' title='bbox 950 2573 1009 2634; x_wconf 89' lang='lat' dir='ltr'>nisi</span> <span class='ocrx_word' id='word_1_163' title='bbox 1025 2592 1122 2653; x_wconf 88' lang='lat' dir='ltr'>quam</span> 
     </span>
     <span class='ocr_line' id='line_1_26' title="bbox 189 2664 1119 2745; baseline -0.002 -19"><span class='ocrx_word' id='word_1_164' title='bbox 189 2667 239 2745; x_wconf 77' lang='lat' dir='ltr'>jus</span> <span class='ocrx_word' id='word_1_165' title='bbox 273 2664 517 2726; x_wconf 87' lang='lat' dir='ltr'>ecclesiasticum</span> <span class='ocrx_word' id='word_1_166' title='bbox 541 2667 596 2724; x_wconf 90' lang='lat' dir='ltr'>aut</span> <span class='ocrx_word' id='word_1_167' title='bbox 627 2681 793 2724; x_wconf 89' lang='lat' dir='ltr'>commune</span> <span class='ocrx_word' id='word_1_168' title='bbox 826 2669 880 2726; x_wconf 88' lang='lat' dir='ltr'>aut</span> <span class='ocrx_word' id='word_1_169' title='bbox 914 2666 1119 2743; x_wconf 79' lang='lat' dir='ltr'>particulare,</span> 
     </span>
     <span class='ocr_line' id='line_1_27' title="bbox 191 2756 1121 2838; baseline 0 -20"><span class='ocrx_word' id='word_1_170' title='bbox 191 2760 342 2835; x_wconf 79' lang='lat' dir='ltr'>scripturn</span> <span class='ocrx_word' id='word_1_171' title='bbox 369 2757 419 2817; x_wconf 89' lang='lat' dir='ltr'>vel</span> <span class='ocrx_word' id='word_1_172' title='bbox 442 2773 505 2816; x_wconf 89' lang='lat' dir='ltr'>non</span> <span class='ocrx_word' id='word_1_173' title='bbox 531 2756 692 2833; x_wconf 87' lang='lat' dir='ltr'>scriptum,</span> <span class='ocrx_word' id='word_1_174' title='bbox 721 2756 781 2817; x_wconf 88' lang='lat' dir='ltr'>illis</span> <span class='ocrx_word' id='word_1_175' title='bbox 803 2758 967 2819; x_wconf 88' lang='lat' dir='ltr'>concessit.</span> <span class='ocrx_word' id='word_1_176' title='bbox 991 2759 1052 2820; x_wconf 86' lang='lat' dir='ltr'>Sed</span> <span class='ocrx_word' id='word_1_177' title='bbox 1068 2757 1121 2838; x_wconf 89' lang='lat' dir='ltr'>jus</span> 
     </span>
     <span class='ocr_line' id='line_1_28' title="bbox 191 2846 1121 2927; baseline 0.003 -18"><span class='ocrx_word' id='word_1_178' title='bbox 191 2847 446 2923; x_wconf 88' lang='lat' dir='ltr'>ecclesiasticum,</span> <span class='ocrx_word' id='word_1_179' title='bbox 470 2846 564 2906; x_wconf 86' lang='lat' dir='ltr'>eliam</span> <span class='ocrx_word' id='word_1_180' title='bbox 583 2847 631 2908; x_wconf 89' lang='lat' dir='ltr'>his</span> <span class='ocrx_word' id='word_1_181' title='bbox 652 2849 791 2927; x_wconf 86' lang='lat' dir='ltr'>collegiis</span> <span class='ocrx_word' id='word_1_182' title='bbox 809 2851 940 2912; x_wconf 87' lang='lat' dir='ltr'>contulit</span> <span class='ocrx_word' id='word_1_183' title='bbox 954 2851 1121 2912; x_wconf 88' lang='lat' dir='ltr'>auctorita-</span> 
     </span>
     <span class='ocr_line' id='line_1_29' title="bbox 191 2939 1118 3022; baseline 0.001 -19"><span class='ocrx_word' id='word_1_184' title='bbox 191 2946 254 3003; x_wconf 90' lang='lat' dir='ltr'>tem</span> <span class='ocrx_word' id='word_1_185' title='bbox 267 2941 391 3002; x_wconf 88' lang='lat' dir='ltr'>vivente</span> <span class='ocrx_word' id='word_1_186' title='bbox 410 2939 556 3017; x_wconf 86' lang='lat' dir='ltr'>episcopo</span> <span class='ocrx_word' id='word_1_187' title='bbox 577 2945 608 3000; x_wconf 91' lang='lat' dir='ltr'>et</span> <span class='ocrx_word' id='word_1_188' title='bbox 622 2941 786 3001; x_wconf 90' lang='lat' dir='ltr'>ecclesiam</span> <span class='ocrx_word' id='word_1_189' title='bbox 807 2961 896 3004; x_wconf 90' lang='lat' dir='ltr'>suam</span> <span class='ocrx_word' id='word_1_190' title='bbox 910 2944 1118 3022; x_wconf 85' lang='lat' dir='ltr'>gubernante,</span> 
     </span>
     <span class='ocr_line' id='line_1_30' title="bbox 191 3031 1120 3115; baseline 0.003 -22"><span class='ocrx_word' id='word_1_191' title='bbox 191 3035 285 3094; x_wconf 87' lang='lat' dir='ltr'>aliam</span> <span class='ocrx_word' id='word_1_192' title='bbox 305 3049 380 3092; x_wconf 84' lang='lat' dir='ltr'>vero</span> <span class='ocrx_word' id='word_1_193' title='bbox 400 3031 474 3091; x_wconf 86' lang='lat' dir='ltr'>sede</span> <span class='ocrx_word' id='word_1_194' title='bbox 489 3036 631 3093; x_wconf 78' lang='lat' dir='ltr'>vacante.</span> <span class='ocrx_word' id='word_1_195' title='bbox 655 3033 740 3094; x_wconf 90' lang='lat' dir='ltr'>Unde</span> <span class='ocrx_word' id='word_1_196' title='bbox 756 3035 815 3095; x_wconf 90' lang='lat' dir='ltr'>sub</span> <span class='ocrx_word' id='word_1_197' title='bbox 830 3035 890 3096; x_wconf 88' lang='lat' dir='ltr'>hac</span> <span class='ocrx_word' id='word_1_198' title='bbox 903 3036 1020 3115; x_wconf 89' lang='lat' dir='ltr'>duplici</span> <span class='ocrx_word' id='word_1_199' title='bbox 1034 3037 1120 3098; x_wconf 84' lang='lat' dir='ltr'>diffe-</span> 
     </span>
     <span class='ocr_line' id='line_1_31' title="bbox 190 3125 1120 3208; baseline 0.006 -22"><span class='ocrx_word' id='word_1_200' title='bbox 190 3125 302 3202; x_wconf 81' lang='lat' dir='ltr'>rentia,</span> <span class='ocrx_word' id='word_1_201' title='bbox 319 3125 482 3204; x_wconf 87' lang='lat' dir='ltr'>sequentia</span> <span class='ocrx_word' id='word_1_202' title='bbox 495 3126 661 3186; x_wconf 85' lang='lat' dir='ltr'>statuenda</span> <span class='ocrx_word' id='word_1_203' title='bbox 674 3131 747 3188; x_wconf 86' lang='lat' dir='ltr'>sunt</span> <span class='ocrx_word' id='word_1_204' title='bbox 759 3147 816 3205; x_wconf 89' lang='lat' dir='ltr'>pro</span> <span class='ocrx_word' id='word_1_205' title='bbox 832 3129 1035 3208; x_wconf 87' lang='lat' dir='ltr'>collegiorum</span> <span class='ocrx_word' id='word_1_206' title='bbox 1048 3149 1120 3192; x_wconf 89' lang='lat' dir='ltr'>auc·</span> 
     </span>
     <span class='ocr_line' id='line_1_32' title="bbox 192 3216 1043 3296; baseline 0.005 -16"><span class='ocrx_word' id='word_1_207' title='bbox 192 3219 329 3296; x_wconf 75' lang='lat' dir='ltr'>tentate,</span> <span class='ocrx_word' id='word_1_208' title='bbox 346 3216 446 3296; x_wconf 89' lang='lat' dir='ltr'>primo</span> <span class='ocrx_word' id='word_1_209' title='bbox 462 3219 536 3279; x_wconf 90' lang='lat' dir='ltr'>sede</span> <span class='ocrx_word' id='word_1_210' title='bbox 546 3218 649 3296; x_wconf 86' lang='lat' dir='ltr'>plena,</span> <span class='ocrx_word' id='word_1_211' title='bbox 664 3221 802 3282; x_wconf 90' lang='lat' dir='ltr'>secundo</span> <span class='ocrx_word' id='word_1_212' title='bbox 815 3221 889 3282; x_wconf 87' lang='lat' dir='ltr'>sede</span> <span class='ocrx_word' id='word_1_213' title='bbox 900 3227 1043 3285; x_wconf 85' lang='lat' dir='ltr'>vacante.</span> 
     </span>
    </p>

    <p class='ocr_par' dir='ltr' id='par_1_8' title="bbox 190 3309 1120 3589">
     <span class='ocr_line' id='line_1_33' title="bbox 233 3309 1120 3396; baseline 0.006 -24"><span class='ocrx_word' id='word_1_214' title='bbox 233 3309 412 3391; x_wconf 84' lang='lat' dir='ltr'>Capitulum,</span> <span class='ocrx_word' id='word_1_215' title='bbox 437 3310 610 3391; x_wconf 75' lang='lat' dir='ltr'>ecclopleno,</span> <span class='ocrx_word' id='word_1_216' title='bbox 634 3315 681 3373; x_wconf 89' lang='lat' dir='ltr'>est</span> <span class='ocrx_word' id='word_1_217' title='bbox 694 3317 821 3375; x_wconf 89' lang='lat' dir='ltr'>senatus</span> <span class='ocrx_word' id='word_1_218' title='bbox 842 3315 1017 3376; x_wconf 85' lang='lat' dir='ltr'>ordinarius</span> <span class='ocrx_word' id='word_1_219' title='bbox 1030 3315 1120 3396; x_wconf 83' lang='lat' dir='ltr'>cujus</span> 
     </span>
     <span class='ocr_line' id='line_1_34' title="bbox 190 3404 1120 3483; baseline 0.004 -17"><span class='ocrx_word' id='word_1_220' title='bbox 190 3404 318 3466; x_wconf 90' lang='lat' dir='ltr'>consilio</span> <span class='ocrx_word' id='word_1_221' title='bbox 331 3409 385 3466; x_wconf 87' lang='lat' dir='ltr'>aut</span> <span class='ocrx_word' id='word_1_222' title='bbox 397 3409 467 3466; x_wconf 89' lang='lat' dir='ltr'>voto</span> <span class='ocrx_word' id='word_1_223' title='bbox 479 3405 643 3482; x_wconf 89' lang='lat' dir='ltr'>episcopus</span> <span class='ocrx_word' id='word_1_224' title='bbox 653 3424 708 3466; x_wconf 89' lang='lat' dir='ltr'>seu</span> <span class='ocrx_word' id='word_1_225' title='bbox 722 3407 869 3483; x_wconf 80' lang='lat' dir='ltr'>praelatus</span> <span class='ocrx_word' id='word_1_226' title='bbox 880 3407 1044 3469; x_wconf 86' lang='lat' dir='ltr'>ecclesiam</span> <span class='ocrx_word' id='word_1_227' title='bbox 1058 3409 1120 3470; x_wconf 89' lang='lat' dir='ltr'>sibi</span> 
     </span>
     <span class='ocr_line' id='line_1_35' title="bbox 191 3496 1119 3589; baseline 0.014 -32"><span class='ocrx_word' id='word_1_228' title='bbox 191 3496 390 3572; x_wconf 77' lang='lat' dir='ltr'>commissam</span> <span class='ocrx_word' id='word_1_229' title='bbox 415 3497 622 3566; x_wconf 81' lang='lat' dir='ltr'>administrat.</span> <span class='ocrx_word' id='word_1_230' title='bbox 652 3498 742 3566; x_wconf 88' lang='lat' dir='ltr'>Unde</span> <span class='ocrx_word' id='word_1_231' title='bbox 767 3500 903 3589; x_wconf 85' lang='lat' dir='ltr'>capitula</span> <span class='ocrx_word' id='word_1_232' title='bbox 924 3519 985 3566; x_wconf 87' lang='lat' dir='ltr'>non</span> <span class='ocrx_word' id='word_1_233' title='bbox 1001 3502 1119 3584; x_wconf 79' lang='lat' dir='ltr'>hahent</span> 
     </span>
    </p>
   </div>
   <div class='ocr_carea' id='block_1_5' title="bbox 0 0 1260 4012">
    <p class='ocr_par' dir='ltr' id='par_1_9' title="bbox 0 0 1260 4012">
     <span class='ocr_line' id='line_1_36' title="bbox 0 0 1260 4012; baseline 0 2"><span class='ocrx_word' id='word_1_234' title='bbox 0 0 1260 4012; x_wconf 95' lang='lat' dir='ltr'> </span> 
     </span>
    </p>
   </div>
  </div>
 </body>
</html>
