2514 4014
149 361 189 432 lo
358 374 587 430 msrmurionss
608 384 690 429 sums
712 375 866 430 cruorum.

151 527 335 605 tinguuntur
347 526 380 586 in
391 525 462 606 jure
486 526 568 586 civili
593 545 650 604 pro
664 526 814 606 qualitate
833 527 878 586 rei
901 527 940 586 (16
954 545 1016 606 qua
1025 523 1087 607 jus

150 620 269 679 feratur
281 639 287 679 :
300 621 376 698 puta
386 619 425 678 de
439 619 643 696 testamentis,
656 620 695 679 de
708 619 929 696 contractibus,
943 619 983 678 (16
997 623 1085 680 statu

150 711 366 790 personarum,
395 715 472 785 etc.;
498 711 555 771 166
579 710 792 772 distinctiones
815 730 871 772 nos
894 711 1086 772 etiamreci-

150 804 271 883 pimus,
289 804 345 864 sed
356 822 409 864 eas
419 804 571 864 hahemus
581 808 733 883 tanquam
746 804 957 866 secundarias.

190 897 330 957 Potiores
344 900 449 957 autem
464 896 616 956 hahemus
632 915 709 975 quas
725 915 787 957 non
802 897 899 958 16161
908 897 960 976 jus
971 896 1082 970 civile;

151 1008 223 1050 cum
241 989 323 1049 enim
337 988 389 1069 jus
408 989 498 1049 civile
520 989 609 1050 unice
625 989 665 1048 ad
686 1008 789 1049 mores
806 990 1026 1068 gubernandos
1047 989 1083 1049 in

151 1083 259 1143 ordine
288 1083 328 1143 ad
350 1083 565 1160 temporalem,
604 1100 866 1161 communemque
900 1082 1082 1143 felicitatem

151 1175 379 1252 constituatur,
405 1175 490 1254 leges
511 1193 574 1235 non
598 1175 741 1254 agnoscit
764 1175 822 1234 nisi
847 1174 1081 1252 disciplinares3

150 1267 364 1346 dogmaticum
371 1267 422 1347 jus
433 1286 496 1328 non
522 1267 629 1345 hahet,
654 1268 713 1327 nisi
738 1268 818 1328 sorte
836 1268 920 1347 quod
939 1268 1084 1329 naturale

151 1365 215 1421 est:
229 1361 332 1438 ipsum
344 1379 481 1439 namque
491 1361 543 1440 jus
556 1361 725 1421 civilcnon
735 1361 776 1421 ad
791 1361 955 1422 veritatem
969 1362 1084 1422 docen-

152 1453 236 1530 dam,
249 1453 304 1513 sed
317 1453 358 1513 ad
374 1471 477 1514 mores
487 1453 720 1532 gubernandos
738 1457 785 1515 est
794 1454 980 1516 institutum.

192 1546 255 1608 Sed
269 1546 418 1624 Ecclesia,
446 1563 515 1626 quae
538 1565 595 1626 pro
613 1547 817 1609 fundamento
840 1547 936 1608 totius
961 1545 1085 1627 legisla-

142 1639 244 1701 'tionis
259 1639 469 1718 habetfidem,
482 1643 650 1720 propterea
662 1638 813 1719 magistra
822 1640 962 1702 veritatis
973 1660 1085 1720 agnos-

152 1734 233 1794 citur
248 1736 279 1793 et
290 1752 353 1793 non
368 1734 470 1793 solum
479 1737 630 1812 tanquam
646 1752 771 1793 morum
786 1734 1002 1812 gubernatrix,
1020 1752 1083 1795 non

152 1830 275 1886 tantum
298 1825 395 1885 habet
413 1844 469 1902 pro
484 1827 546 1885 fine
564 1844 677 1886 munus
695 1826 850 1905 dirigendi
862 1845 966 1887 mores
979 1826 1085 1887 subdi-

152 1922 267 1993 torum,
294 1935 330 1978 ac
362 1918 494 1996 proinde
519 1919 605 1996 leges
635 1918 850 1997 disciplinares
873 1919 1004 1996 ferendi,
1028 1917 1084 1979 sed

152 2011 248 2071 habet
262 2009 356 2070 ctiam
362 2010 414 2090 jus
427 2011 641 2090 dogmaticum
657 2011 742 2090 quod
752 2031 809 2090 pro
822 2013 883 2072 fine
899 2012 994 2072 habet
1004 2011 1084 2074 veri-

106 2183 108 2186 ·
152 2107 249 2164 tatem
270 2103 411 2164 subditos
431 2104 617 2165 docendam.
642 2105 710 2176 Oua
737 2105 838 2184 posita
859 2105 999 2184 generali
1024 2104 1084 2165 dis—

152 2197 311 2274 tinctione,
332 2201 484 2276 tanquam
501 2196 627 2274 potiori,
652 2196 729 2257 nihil
750 2197 897 2277 prohibet
916 2198 1084 2277 quominus

152 2308 209 2368 pro
223 2289 318 2350 variis
338 2289 490 2350 classibus
511 2289 716 2370 objectorum,
741 2290 943 2352 secundarius
960 2296 992 2353 et
1012 2292 1084 2351 sub-

152 2383 288 2444 alternas
302 2401 455 2462 ponamus
472 2383 695 2444 distinctiones

192 2479 230 2538 V.
258 2479 401 2554 Demum,
416 2481 447 2536 10
470 2496 507 2536 ec
527 2475 695 2537 diversitate
719 2475 800 2536 modi
816 2496 871 2556 quo
884 2475 938 2555 jus
957 2476 1081 2556 fertur,

153 2574 320 2649 utrumque
329 2569 381 2650 jus
393 2571 478 2648 leges
492 2569 655 2648 distinguit
664 2569 695 2628 in
703 2569 828 2649 scriptus
838 2573 869 2630 ct
880 2589 936 2629 non
945 2571 1080 2650 scriptas.

153 2663 273 2742 De'qua
282 2662 479 2724 distinctione
494 2681 577 2723 nunc
590 2665 637 2723 est
650 2663 860 2724 tractandum.

193 2759 331 2834 Utraque
352 2754 601 2834 jurisprudentia
619 2756 705 2834 leges
728 2754 891 2836 distinguit
904 2756 936 2816 in
949 2757 1080 2836 scriptas

154 2853 185 2909 ct
210 2867 272 2908 non
285 2848 427 2926 scriptas,
445 2849 547 2909 souin
567 2849 793 2927 promulgatae,
810 2849 859 2912 vel
874 2850 1013 2911 moribus
1025 2869 1083 2929 po-

153 2941 217 3020 puli
244 2942 447 3003 introductas.
473 2943 589 3020 Legem
609 2941 692 3001 enim
715 2929 865 3020 scrihere,
883 2943 974 3023 juxta
988 2945 1081 3005 ratio-

154 3053 226 3094 nem
245 3034 393 3115 loquendi
408 3035 721 3114 jurisconsultorum,
742 3034 827 3094 idem
853 3039 900 3097 est
917 3055 954 3097 ac
978 3037 1081 3116 legem

153 3129 364 3206 promulgare.
388 3129 450 3190 Sed
471 3147 543 3188 cum
564 3147 661 3206 penes
684 3145 831 3188 romanos
843 3128 1082 3208 jurisconsultos

154 3218 333 3298 hujusmodi
359 3221 566 3282 distinctionis
594 3225 708 3280 natura
731 3239 794 3282 non
822 3221 902 3282 hene
932 3226 1083 3301 appareat

155 3313 372 3391 determinata,
386 3315 457 3376 ideo
471 3315 623 3395 optimum
635 3313 694 3375 erit
703 3313 728 3374 si
745 3311 784 3373 de
800 3332 837 3374 ea
851 3333 952 3393 pauca
969 3316 1082 3395 praelo-

155 3425 298 3485 quamur.

193 3502 302 3578 ltaque
323 3500 444 3559 romani
468 3499 681 3578 jurisconsulti
708 3518 780 3560 cum
807 3499 921 3561 scirent
937 3502 976 3561 (16
998 3501 1081 3562 facto

98 3636 100 3640 .
154 3590 321 3686 imperium
341 3609 506 3657 romanum
524 3590 723 3656 democratia
739 3592 934 3676 successisse,
954 3593 1083 3658 coufun-
1245 3611 1253 3843 p

1244 3858 1252 3951 ,
