2546 4016
317 293 426 342 soorcs
448 291 601 341 erneisus
621 289 704 340 cens
726 289 881 342 assumor.
1027 278 1065 342 sd

145 439 237 503 Graeci
248 439 409 500 habebant
421 434 557 514 codices,
571 435 612 498 ed
628 451 708 516 quos
721 442 945 516 provocarent,
962 439 1018 500 sed
1033 443 1066 500 et

142 534 231 614 legen
245 531 404 594 Pontiileis
415 530 575 592 habebant
586 545 678 590 suom
688 529 840 593 codicem.

180 624 362 707 liujuemodi
388 621 534 703 antiquas
552 622 663 684 letinae
683 623 898 701 collectiones,
916 639 978 685 oon
996 629 1066 688 iao·

141 723 204 781 tam
226 717 431 780 conciliorum
458 731 611 792 oenones,
637 716 694 776 sed
712 719 744 778 el
762 717 924 794 pontilicis
949 721 1066 780 emonis

142 811 327 888 exhibuisse,
340 809 416 871 satie
429 808 604 888 colligimus
613 823 653 868 ex
663 807 795 887 epistola
809 809 919 887 syricii
932 811 1063 872 Romani

141 903 293 966 Pontiflois
320 903 362 963 ad
381 901 563 980 Hymen'um
581 900 848 964 Tarraconensem
862 901 1061 981 episcopum

140 995 189 1058 abi
212 999 372 1057 Romanus
400 993 544 1055 Pontifex
565 993 633 1055 haee
661 993 780 1054 hebet:
808 995 959 1056 «Sintula
982 995 1065 1056 sedis

139 1087 315 1168 apostolioae
326 1090 358 1148 ei
373 1103 529 1147 moenum
539 1085 731 1148 venerabilia
741 1085 869 1148 delinita
878 1085 953 1147 nulli
964 1103 1065 1148 sacar·

140 1181 199 1243 doli
219 1179 344 1242 Domini
362 1179 508 1258 ignorare
530 1178 570 1240 sii
589 1177 734 1240 liberum.
755 1199 770 1236 o
797 1178 855 1240 Ubi
872 1179 1014 1240 videmus
1034 1180 1066 1240 in

140 1274 247 1336 eodem
261 1271 364 1352 gradu
380 1272 518 1350 reposita
533 1275 601 1334 nim
615 1289 751 1332 conones
766 1272 979 1350 conciliorum,
998 1277 1065 1334 lum

139 1367 262 1428 decreta
276 1369 491 1427 Romanorum
508 1365 711 1442 Pontificum,
728 1365 889 1445 ulnaeque
903 1365 1066 1444 generales

136 1459 352 1539 dispositiones
364 1457 432 1536 pori
451 1457 545 1518 modo
566 1457 777 1520 observandas
790 1457 906 1538 juberi.
927 1458 989 1520 Sed
1005 1457 1064 1519 hoc

137 1551 250 1614 flustra
260 1551 386 1632 jussum
401 1549 520 1628 fuisset,
539 1550 564 1610 ei
584 1550 730 1630 quadam
748 1551 890 1612 collectio
909 1550 1067 1612 Romano·

136 1663 202 1706 rum
224 1644 413 1706 Pontificum
432 1643 514 1705 sicui
533 1647 565 1705 ei
581 1641 779 1722 synodalium
793 1659 948 1703 cononum
967 1659 1065 1703 asscr-

135 1743 204 1800 vala
215 1735 410 1800 nonfuissei.

171 1833 209 1893 ll.
227 1831 292 1893 Sed
312 1825 405 1892 valde
424 1825 594 1892 dolendum
610 1832 658 1890 est
680 1829 738 1890 bas
756 1829 951 1908 perreinsias
970 1841 1065 1890 oano-

136 1938 208 1984 oum
217 1923 430 2000 collectiones,
442 1922 533 1984 sionei
541 1922 580 1982 de
589 1921 704 1984 Graecis
714 1921 837 1999 cecidit,
850 1921 930 1983 ilaei
938 1920 1061 2002 laiinas,

135 2016 298 2079 cansiolis
306 2015 436 2078 latebris
445 2015 549 2078 adhue
559 2013 747 2077 obvolvi.De
757 2008 879 2078 caelenis
886 2017 1064 2078 recenliori-

136 2110 192 2172 bus
204 2120 276 2191 qnae
291 2112 477 2187 supersunt,
498 2123 570 2170 oum
589 2108 660 2168 duae
675 2107 738 2169 sini
750 2125 808 2186 per
828 2108 962 2186 primam
983 2109 1065 2168 ban-o

135 2203 302 2283 periodum
319 2201 524 2278 celebriores,
546 2217 658 2279 nempe
683 2221 689 2262 :
715 2196 939 2278 Dyonieieoom
963 2204 994 2262 et
1011 2199 1064 2262 lsi·

136 2295 311 2372 dorianam,
334 2295 375 2355 od
401 2313 453 2355 eas
473 2297 597 2356 tantum
613 2293 841 2356 eoaroiabimcs
869 2310 1061 2372 sermonem,

136 2389 292 2468 siquidem
315 2387 384 2448 alise
407 2404 516 2448 omnes
541 2387 611 2464 plus
641 2385 784 2447 minusve
809 2384 866 2446 has
891 2387 970 2448 dues
998 2403 1063 2466 prae

137 2481 233 2543 oculis
248 2481 438 2555 babuerunt,
456 2480 506 2541 vel
522 2480 560 2539 de
571 2478 608 2538 iis
624 2478 694 2557 plus
705 2477 847 2540 minusve
863 2479 1061 2557 participant.

137 2573 188 2638 Sic
199 2563 405 2637 monuimus
423 2571 462 2632 de
476 2571 667 2650 Dyonielana
680 2575 713 2632 el
725 2570 897 2632 Isidoriaoa
911 2571 1065 2632 collectio·

136 2667 246 2745 nibus,
275 2653 385 2727 ordine
414 2669 586 2742 consocio,
611 2680 724 2743 nempe
746 2663 898 2726 disiinciis
917 2679 1065 2744 paragro-

137 2760 223 2840 phis,
247 2775 383 2840 quorum
403 2757 523 2837 primns
544 2758 604 2819 orii
624 2759 663 2818 de
685 2757 830 2834 historia,
850 2757 1007 2820 secundus
1025 2757 1064 2819 de

137 2852 322 2916 auctoritate
335 2852 449 2914 borum
461 2841 690 2912 collectionum.

321 2999 331 3051 s
351 3001 367 3040 ι.
382 3009 413 3042 on
427 3008 535 3042 nrsroms
547 3003 715 3043 consenueris
727 2995 880 3043 norisianas.

418 3113 435 3153 l.
453 3114 484 3153 De
500 3111 627 3153 missensem
640 3111 784 3162 brendinus.

178 3217 229 3282 lli.
246 3215 312 3282 Sub
326 3213 414 3281 initio
428 3218 534 3280 saeouli
549 3221 601 3296 Vl,
616 3215 783 3298 Dyonisius
798 3217 925 3297 quidem
939 3215 1065 3282 neiione

139 3313 275 3392 Scytha,
303 3309 495 3391 professione
518 3313 714 3388 monachus,
743 3311 843 3372 diotae
857 3311 996 3393 Enipeus
1016 3315 1066 3376 vel

139 3409 373 3486 cognomento,
390 3404 439 3466 vel
467 3407 603 3482 statura,
632 3405 682 3466 vel
704 3404 806 3482 potius
832 3403 1067 3466 humilitatione

139 3499 303 3562 modestiae
316 3516 422 3578 censa,
438 3499 544 3559 nome
557 3497 685 3579 degens,
695 3501 882 3580 'aspernatus
896 3497 1065 3562 obscuriss-
