2514 4014
176 265 216 328 36
386 275 614 326 rrsnrunorns
634 273 717 322 rurus
738 241 893 320 seronior.

219 423 328 502 licque
352 415 430 501 juri'
445 419 623 500 dogmatico
646 415 778 479 subsunt
806 433 913 476 omnes
939 415 1109 490 homines,

178 512 368 593 disciplinari
382 530 458 574 vero
479 511 639 574 christiani
663 512 803 583 tantnm3
823 508 887 589 Juri
909 511 1014 570 autem
1034 523 1114 586 par-

177 606 312 682 ticulari,
340 605 383 666 illi
408 604 561 666 duntaxat
582 602 634 682 qui
659 601 836 664 auctoritati
859 600 902 660 illi
926 598 1111 678 particulari

178 698 294 761 subditi
305 700 388 760 sunt.
400 698 462 760 Sed
474 696 543 758 haec
553 695 666 758 dixisse
677 693 833 755 sufficiant
844 693 883 754 de
892 692 999 772 legum
1009 691 1113 754 eccle-

178 791 376 854 siasticarum
389 789 540 870 subjecto.

538 985 668 1047 CAPUT
688 984 740 1044 lv.

243 1189 282 1235 bs
304 1188 406 1236 veens
428 1186 589 1234 SPEGIEBUS
609 1184 710 1231 LEGUH
732 1180 1039 1229 oooussmsrrcseuu.

219 1345 255 1405 ln
270 1343 421 1406 distinctis
436 1340 576 1405 articulis
590 1357 740 1419 agemus:
759 1340 790 1399 l⁰
800 1338 840 1400 de
853 1333 1112 1416 dispositionibus

177 1436 258 1518 juris
268 1435 468 1498 ecclesiastici
483 1451 552 1515 quoe
565 1432 718 1494 rationem
730 1431 808 1511 legis
817 1429 964 1510 perfectae
974 1427 1110 1500 habent3

180 1533 211 1591 2⁰
226 1528 265 1590 de
279 1528 339 1590 illis
354 1526 608 1608 dispositionibus
622 1541 692 1606 qnae
707 1541 770 1586 non
785 1523 949 1598 rationem,
968 1520 1024 1581 scd
1037 1522 1111 1580 tan-

180 1624 248 1684 tum
263 1623 408 1683 ellectum
421 1618 499 1699 legis
511 1619 639 1681 habent.

483 1810 660 1866 dlll'lllULUS
676 1809 802 1866 PRIMUS.

218 1986 242 2047 l.
265 1981 371 2045 Mults
386 1980 589 2060 suntspecies
601 1981 708 2060 legum
727 1977 1024 2052 ecclesiasticarum
1051 1978 1110 2038 sed

179 2075 249 2138 aliae
264 2077 337 2136 sunt
344 2073 466 2154 legibus
477 2073 621 2136 omnibus
631 2091 823 2150 communes,
832 2071 913 2149 alies,
921 2071 994 2132 licet
1002 2071 1110 2150 legum

179 2171 357 2230 nostrarum
378 2165 440 2228 sint
457 2165 610 2245 propriu,
626 2169 733 2227 tamen
747 2164 906 2226 maturiori
917 2163 1045 2225 scientia
1058 2181 1111 2224 re-

179 2258 341 2322 servendae
367 2262 449 2320 sunt.
467 2259 665 2338 Quapropter
684 2260 720 2319 ut
739 2257 921 2318 earumdem
933 2257 1109 2336 specierum

179 2351 224 2414 ita
235 2351 454 2414 tractationem
468 2351 678 2427 instituamus
690 2353 725 2411 ut
737 2349 974 2412 elementarium
988 2349 1074 2410 instit
1096 2382 1109 2392 -
1193 2399 1194 2402 ,

177 2443 298 2506 tionum
311 2442 426 2505 limites
441 2462 504 2507 non
521 2443 719 2519 excedemus,
733 2442 872 2505 breviter
886 2442 924 2502 de
936 2442 974 2503 iis
985 2445 1108 2504 tentum

178 2535 382 2598 tractabimus
395 2554 464 2616 qnae
484 2537 534 2599 vel
547 2535 670 2614 legibus
683 2535 797 2596 nostris
812 2538 884 2596 sunt
895 2534 1042 2614 propriae,
1056 2533 1107 2595 vel

177 2628 250 2690 licet
263 2646 445 2691 communes
466 2647 539 2690 cum
559 2627 681 2707 legibus
702 2627 858 2690 societatis
877 2626 986 2704 civilis,
1001 2630 1107 2687 temen

178 2737 379 2799 magnacum
392 2719 588 2782 advertentis
600 2719 716 2782 debent
729 2721 872 2799 proponi,
890 2738 929 2780 ne
945 2719 1108 2783 ecclesius-

177 2812 247 2873 ticae
273 2812 501 2873 constitutionis
526 2812 604 2874 ordo
626 2813 830 2874 convellatur.
857 2812 947 2875 Unde
970 2812 1108 2873 breviter

178 2908 314 2986 quatuor
327 2903 539 2966 distinctiones
553 2904 660 2984 legum
681 2905 902 2984 expendendos
918 2923 1104 2983 proponam,

177 3014 306 3076 nempe:
322 2999 352 3057 1ο
368 3013 437 3076 qnae
454 2997 594 3076 exsurgit
608 3015 644 3058 ex
658 2996 782 3060 diverso
794 2997 936 3076 subjecto
952 2996 1037 3076 quod
1054 2996 1107 3077 jus

177 3087 266 3163 dioit3
290 3092 322 3150 2⁰
348 3106 418 3170 quae
446 3107 484 3148 ex
509 3088 632 3150 diverso
659 3089 800 3169 subjecto
826 3089 948 3169 cuijus
975 3089 1103 3162 dicitur;

176 3181 207 3238 3⁰
222 3197 291 3258 quae
307 3199 345 3240 ex
359 3181 481 3243 diverso
497 3180 619 3261 objecto
642 3182 680 3242 de
700 3199 762 3262 quo
773 3181 826 3261 jus
842 3181 972 3256 dicitur;
989 3185 1020 3242 4⁰
1035 3198 1106 3262 quoe

177 3289 214 3330 ex
227 3271 350 3334 diverso
364 3273 458 3335 modo
475 3291 536 3352 quo
547 3273 600 3354 jus
615 3274 802 3352 publicetur.

217 3363 361 3442 Singulas
380 3364 559 3444 hujusmodi
579 3365 792 3429 distinctiones
812 3383 1003 3447 exponemus
1024 3384 1107 3427 sem-

176 3471 233 3540 per
246 3456 328 3518 lacta
342 3457 575 3536 comparatione
590 3458 631 3519 ad
651 3458 737 3537 leges
752 3458 868 3535 civiles,
884 3461 920 3520 ut
946 3457 1047 3540 megia
1067 3475 1105 3526 eo
