2514 4014
172 295 211 360 62
383 306 609 356 insnrurionns
629 305 711 354 rums
733 305 886 354 cononici.

212 449 343 514 Demum
375 448 526 530 processit
554 450 648 511 turha
681 445 1034 527 pseudo-politicorum
1069 449 1101 508 et

172 543 574 626 pseudo-philosophorum,
597 541 924 620 rationalistarumque
947 559 984 601 ac
1007 542 1101 600 natu-

173 639 360 714 ralistarum,
377 637 430 716 qui
450 635 621 698 Ecclesiam
637 634 823 695 catholicam
837 637 988 713 tanquam
1002 651 1101 694 unam

173 732 212 792 de
234 730 364 792 diversis
383 728 537 808 religiosis
557 728 660 788 sectis,
673 727 834 802 hahentes,
860 725 946 786 illam
972 726 1100 803 politico

173 824 323 904 regimine
350 821 594 882 submittendam
618 820 819 895 contendunt,
836 818 880 880 ita
898 823 932 879 ut
954 818 1100 896 princeps

173 921 323 996 tanquam
338 919 480 976 centrum
491 913 743 987 constitueretur,
761 911 844 971 unde
860 911 960 971 omnis
975 911 1102 990 religio-

173 1010 221 1070 nis
237 1010 339 1070 lorma
361 1008 411 1068 vel
433 1006 552 1085 species
573 1005 646 1085 jura
670 1005 810 1066 haberet.
834 1004 909 1064 Inde
929 1002 1103 1066 exsurrexit

173 1105 311 1182 systema
327 1101 405 1160 illud
420 1098 556 1158 attelani
562 1098 692 1178 politici,
710 1097 741 1156 in
755 1115 816 1176 quo
833 1098 937 1158 Status
950 1115 983 1156 se
1005 1095 1103 1156 hahet

172 1199 323 1272 tanquam
338 1193 518 1252 indifferens
537 1191 578 1251 ad
600 1209 708 1252 omnes
725 1191 841 1265 cultus,
862 1189 945 1270 quod
964 1190 1104 1266 systema

173 1287 242 1365 plus
254 1286 356 1346 minus
367 1284 486 1346 obtinet
496 1283 648 1344 hodierno
659 1288 800 1361 tempore
810 1282 842 1343 in
853 1281 997 1342 omnihus
1007 1281 1102 1342 rebus

171 1378 313 1456 puhlicis.
1014 1443 1019 1452 ,

211 1473 307 1531 Porro
327 1470 358 1530 in
380 1467 559 1550 hujusmodi
582 1486 663 1529 novo
684 1467 757 1528 belli
773 1486 889 1548 genere
910 1467 994 1546 quod
1014 1465 1101 1547 prin·
1127 1473 1131 1481 '

173 1564 277 1643 cipum
293 1563 422 1625 ambitio
447 1562 597 1622 adversus
616 1561 788 1622 Ecclesiam
806 1560 966 1635 excitavit,
983 1558 1101 1620 invete-

172 1654 276 1717 ratum
288 1655 416 1717 heresis
428 1659 458 1716 et
470 1652 645 1714 schismatis
660 1653 777 1730 odium,
794 1652 1010 1730 zelotypiaque
1021 1651 1102 1728 poli-

172 1749 241 1809 ticae
275 1747 468 1810 auctoritatis
497 1746 605 1806 nutriit
625 1745 775 1824 fovitque.
801 1745 891 1805 Unde
915 1744 1101 1807 factumest

173 1842 256 1920 quod
274 1841 392 1900 bellum
413 1839 496 1900 istud
516 1857 578 1899 non
601 1839 703 1898 minus
727 1836 855 1898 crudele
880 1836 979 1898 evasit
1005 1854 1100 1915 quam

172 1934 309 2011 primum
330 1933 408 1993 illud
430 1932 514 2012 quod
534 1931 699 2010 apeganis
717 1929 909 2011 principibus
931 1929 1099 1991 excitatum

172 2026 283 2102 fuerat,
298 2025 361 2086 imo
376 2025 466 2105 pejus
482 2043 571 2085 exea
585 2027 675 2102 parte
692 2043 755 2104 qua
768 2023 927 2085 christiani
943 2021 1099 2102 principes

171 2122 244 2179 sunt
264 2118 317 2197 qui
339 2118 512 2179 dilacerant
535 2117 721 2194 Ecclesiam,
746 2135 841 2196 quam
861 2120 1011 2195 tanquam
1033 2133 1099 2175 ma·

171 2216 251 2272 trem
263 2211 406 2272 venerari
420 2210 580 2280 deberent.

211 2307 256 2364 Ea
269 2307 374 2363 autem
392 2302 515 2364 diversa
534 2303 591 2362 fuit
607 2301 700 2382 hujus
716 2302 788 2363 belli
803 2301 934 2380 indoleS,
954 2303 1097 2381 respectu

51 2387 53 2392 ’
171 2397 253 2457 illius
262 2395 410 2474 primitivi
422 2395 460 2455 de
469 2414 530 2475 quo
543 2413 649 2473 supra,
661 2395 746 2474 quod
756 2395 892 2474 primum
904 2414 960 2474 pro
975 2395 1096 2475 objecto

170 2491 265 2549 fidem
293 2488 439 2564 haberet,
462 2506 532 2567 quae
551 2487 672 2548 nullum
692 2491 819 2566 pactum
838 2507 895 2549 nec
913 2487 1098 2549 transactio-

170 2600 243 2642 nem
254 2580 338 2658 sinit,
356 2581 528 2642 secundum
543 2599 617 2641 vero
634 2585 778 2643 versatur
793 2581 877 2642 circa
889 2580 1096 2660 disciplinam,

171 2693 240 2753 quae
251 2693 308 2753 per
323 2675 468 2754 quaedam
477 2676 725 2751 temperamenta
735 2673 893 2736 immutari
903 2677 1016 2754 potest.

209 2767 287 2827 ilinc
305 2785 376 2826 cum
393 2765 463 2827 talis
481 2769 588 2826 exorta
605 2769 653 2827 est
667 2766 853 2828 alternative
864 2771 899 2828 ut
912 2767 962 2827 vel
976 2767 1098 2845 integra

170 2877 268 2938 regna
282 2862 312 2919 et
325 2859 466 2920 nationes
481 2850 629 2938 egremio
639 2859 785 2920 Ecclesiae
802 2860 1009 2922 evellerentur
1024 2863 1053 2920 ct
1065 2858 1096 2916 in

169 2945 305 3012 schisma
321 2951 544 3028 dilaberentur,
557 2951 606 3013 vel
620 2951 759 3012 Ecclesia
773 2951 891 3031 aliquid
905 2953 944 3013 de
956 2952 1027 3032 jure
1040 2969 1096 3012 suo

169 3046 313 3123 cesserit,
333 3063 395 3106 non
415 3044 541 3124 quidem
556 3045 624 3122 ipsa
636 3042 709 3122 jura
723 3044 908 3122 alienando,
925 3045 980 3105 sed
994 3044 1096 3122 ipsum

165 3138 284 3216 jurium
304 3137 487 3198 exercitium
505 3136 729 3216 aliquantisper
743 3137 963 3215 temperando,
987 3135 1097 3196 maluit

169 3230 307 3290 Ecclesia
326 3234 441 3292 statum
461 3229 692 3308 disciplinarum
709 3229 929 3290 nonnullarum
944 3228 1097 3290 Ecclesia-

168 3341 238 3383 rum
253 3323 432 3384 modificare
447 3342 541 3402 quam
556 3323 681 3401 integra
695 3341 793 3401 regna
803 3322 870 3382 lieri
885 3320 1092 3382 schismatica.

168 3415 277 3477 Maluit
287 3415 479 3494 principibus
492 3415 672 3476 exercitium
689 3414 865 3496 aliquorum
876 3413 999 3495 jurium
1012 3413 1097 3474 dele-

168 3527 255 3588 gare,
277 3527 372 3590 quam
386 3508 502 3595 sineret
512 3513 555 3569 ut
572 3507 728 3589 principes
743 3527 781 3568 ea
795 3510 881 3568 motu
891 3507 1018 3588 proprio
1036 3505 1094 3568 sihi
