2484 4016
230 391 238 398 ,
346 337 402 383 uu
425 331 552 384 cessero
574 335 656 414 runis
678 333 834 382 canonici.
1010 313 1067 386 iis

135 485 207 548 suut
219 484 252 545 iu
266 487 382 545 matres
404 486 436 544 et
454 499 576 544 sorores
591 497 770 559 conversas,
797 499 930 561 quarum
951 483 1068 546 illaad

134 579 239 640 officia
248 575 336 639 chori
348 576 506 656 deputata
516 578 599 652 sunt,
610 574 678 635 ista
692 590 767 635 vero
778 573 820 635 ad
830 573 996 638 humiliore
1006 595 1069 638 ser·

133 670 220 734 vitia.

171 769 204 826 4⁰
226 763 314 826 Sicut
327 765 359 824 et
370 761 545 839 clericatus,
565 760 619 839 ita,
639 779 702 823 uon
718 779 794 822 vero
809 761 841 822 in
852 763 959 825 stricto
974 782 1069 826 seusu

133 860 275 936 accepta,
295 854 471 936 jurisdictio
494 854 705 916 ecclesiastica
725 855 857 917 accessit
880 856 1070 920 feminarum

133 947 332 1012 monasteriis
356 969 362 1009 :
389 949 420 1008 i⁰
439 947 606 1010 abbatissae
626 946 832 1009 considerata
851 948 977 1011 fuerunt
999 953 1071 1012 tan-

134 1060 230 1124 quam
248 1047 365 1102 matres
393 1039 519 1102 familia·
546 1039 715 1119 regularis,
742 1058 904 1120 nunquam
918 1044 1070 1123 tauquam

132 1154 215 1199 verte
254 1131 510 1214 gubernatrices;
537 1136 569 1194 2⁰
599 1151 637 1193 ex
662 1132 721 1194 hae
748 1151 783 1193 re
816 1131 936 1196 iactum
962 1142 1010 1197 est
1036 1139 1071 1198 ut
1190 1157 1194 1170 ·

133 1247 195 1292 non
216 1246 255 1290 ea
274 1225 471 1306 exemptione
494 1225 633 1305 gaudere
659 1225 819 1305 potuerint
846 1245 910 1306 qua
930 1228 1071 1291 virorum

133 1321 291 1387 consortia
305 1320 413 1382 dotata
429 1321 517 1392 sunt3
538 1336 608 1380 eum
624 1318 791 1379 sufficienti
805 1321 992 1382 auctoritate
1007 1339 1071 1383 uon
1135 1371 1143 1378 .

132 1415 365 1477 instruerentur
387 1411 593 1487 intrinsecus,
615 1410 754 1490 oportuit
776 1415 812 1473 ut
832 1412 871 1473 ab
895 1414 1070 1476 extrinseco

133 1507 268 1570 validior
282 1504 448 1567 accederet
461 1503 670 1582 gubernativa
679 1503 821 1565 directio.
836 1506 899 1566 Nec
912 1505 1070 1568 ordinarie

133 1601 178 1662 sio
192 1598 373 1660 immediate
392 1599 534 1658 Romanu
547 1597 582 1658 P.
605 1599 681 1658 sunt
700 1597 868 1658 constricte
882 1604 916 1659 ut
928 1596 988 1659 hac
1007 1617 1070 1660 ser-

133 1696 207 1755 vata
232 1689 454 1754 constrictione
475 1688 515 1750 de
535 1692 649 1751 cataro
665 1707 724 1768 per
742 1707 776 1750 sc
793 1689 862 1769 regi
875 1689 1067 1754 viderentur.

132 1785 225 1850 Unde
236 1783 287 1846 vel
300 1783 434 1846 subsunt
449 1781 576 1843 omuino
594 1780 761 1843 ordinaria
775 1782 911 1862 episcopi
921 1783 1070 1864 jurisdic-

129 1878 218 1955 tioni,
233 1876 283 1939 vel
294 1873 506 1955 superioribus
516 1874 712 1954 regularibus
722 1874 770 1935 sui
782 1874 911 1954 ordinis,
926 1895 989 1938 non
1001 1877 1069 1940 siue

132 1971 272 2051 episcopi
296 1969 537 2045 interveniu,—
550 1966 599 2027 vel
621 1967 749 2030 tandem
773 1967 799 2029 si
819 1971 907 2030 extra
925 1969 1070 2032 ordinem

131 2063 314 2126 immediate
324 2063 466 2123 Romano
476 2060 618 2122 Pontifici
630 2061 850 2139 subderentur,
867 2063 1070 2142 tuncepisco-

132 2175 192 2238 pus
206 2155 350 2234 delagato
365 2153 491 2216 nomine
511 2152 542 2214 in
559 2152 597 2214 iis
610 2157 739 2232 praestat
755 2155 826 2234 plue
839 2154 943 2216 miuus
964 2156 1070 2218 omnia

133 2267 172 2312 ca
186 2265 256 2328 qua
270 2264 361 2308 secus
375 2247 539 2324 praestaret
549 2244 675 2306 nomine
691 2263 758 2308 suo.
1130 2249 1134 2254 '

173 2345 205 2404 5⁰
227 2337 418 2420 Aggregatio
433 2336 570 2416 plurium
582 2338 846 2400 monasteriorum
860 2339 1002 2402 inunum
1016 2359 1069 2403 or-

16 2505 17 2526 *
134 2434 242 2497 dinem
262 2432 321 2494 sub
342 2447 405 2491 una
425 2428 604 2498 obedientia
627 2430 777 2508 generali,
793 2431 918 2510 quando
938 2431 1069 2495 invaluit

135 2527 219 2608 apud
228 2521 724 2602 virorumregulariuminstituta‚
732 2523 1069 2604 edieminasperducta

134 2620 277 2694 nonest,
302 2616 367 2679 sire
394 2615 587 2696 quietantia
616 2613 807 2677 sustinenda
836 2619 1068 2698 aggregationis

133 2713 236 2794 impar
260 2707 393 2770 imbellis
412 2725 504 2768 sexus
525 2706 702 2785 videbatur,
721 2707 786 2770 sive
808 2707 882 2791 quia
902 2710 968 2772 vita
988 2729 1067 2790 pure

134 2800 378 2881 contemplativa
410 2817 505 2899 qugm
538 2799 680 2862 instituta
711 2801 898 2863 feminarum
921 2797 1069 2883 'amplexa

134 2900 216 2974 sunt,
229 2892 409 2976 hujusmodi
426 2890 683 2971 aggregationem
707 2893 848 2955 inutilem
867 2895 1024 2959 redderet.

173 2987 305 3052 Accedit
327 2989 358 3047 et
378 2983 531 3045 clausurae
560 2982 629 3060 len,
659 3003 729 3064 quae
758 2987 823 3048 sive
846 3005 903 3066 pro
926 2989 1068 3052 custodia

133 3079 295 3157 castitatis,
312 3077 377 3140 sive
392 3093 449 3156 pro
467 3074 602 3138 vitandis
617 3077 721 3139 sarculi
738 3079 987 3159 evagationibus,
999 3100 1067 3161 spe·

134 3175 204 3237 ciali
225 3172 320 3234 modo
344 3170 376 3231 in
397 3167 540 3230 femineis
563 3168 713 3231 institutis
734 3172 890 3234 servanda
919 3172 1063 3237 hahetur.

68 3347 70 3354 Α
133 3270 276 3347 Namque
294 3264 450 3338 clausura,
470 3261 501 3321 in
524 3267 677 3339 quantum
700 3263 870 3342 prohibens
889 3265 1067 3346 ingressum

131 3374 338 3440 personarum
350 3355 477 3416 alterius
491 3372 594 3432 sexus,
613 3353 645 3414 in
660 3356 857 3418 monasteriis
876 3359 1067 3438 regularium

131 3451 190 3513 fuit
208 3468 259 3512 res
282 3447 493 3511 connaturalis
521 3445 677 3525 religiosis
695 3448 853 3512 institutis,
877 3450 939 3513 Sed
960 3452 1067 3532 prouti

131 3543 200 3609 hoec
218 3543 270 3606 lex
288 3559 351 3603 non
371 3539 564 3620 impediebat
584 3541 751 3619 quominus
770 3559 913 3620 personae
924 3543 1066 3626 ejusdem
