2484 4016
132 229 191 304 ψ
342 243 572 306 usurpatores
591 243 675 294 surra
697 243 851 304 mortu.

175 389 239 457 Sed
260 388 329 458 beo
348 388 505 468 exemptio
526 387 750 460 nonnullorum
764 387 949 463 olerioorum
962 391 1070 456 omni-

132 483 230 548 moda
254 501 274 549 a
294 483 507 556 funetIonibus
529 482 590 548 illis
611 481 798 562 praestandis
822 483 935 564 quibus
959 485 1070 560 eaeteri

135 575 239 638 olerioi
254 579 344 640 arant
359 575 488 654 addicti,
505 594 568 640 non
585 575 721 640 olericali
735 575 829 643 statui
846 595 904 640 neo
924 577 1070 640 eoolasiae

133 669 217 731 bono
234 667 460 748 prospiciebat,
483 667 612 732 fovebat
631 668 716 742 enim
737 668 835 733 otium
858 670 1069 750 elericorum.

134 761 225 827 Unde
238 780 260 832 a
272 761 386 833 saeoulo
401 763 470 830 XIII
488 761 643 843 incipiunt
661 761 794 827 eoncilia
805 761 962 826 inculeare
977 764 1070 826 eleri-

134 854 191 935 ois,
220 854 396 935 prasertim
416 874 491 918 vero
512 856 696 937 majoribus,
719 859 754 918 ut
772 856 798 918 si
831 855 971 920 divinum
995 857 1072 920 offi-

135 948 218 1022 eIum
238 949 383 1015 associati
407 967 479 1014 oum
503 949 625 1015 deteris
644 949 677 1010 in
695 948 833 1013 ecelesiis
847 968 911 1012 non
925 949 1071 1015 celebra-

133 1044 215 1120 rent,
231 1042 343 1108 saltem
353 1042 501 1122 privatim
513 1043 729 1116 exsolvereut3
746 1045 778 1106 et
799 1043 914 1106 saeaulo
930 1044 1010 1121 XIV,
1032 1043 1068 1106 in

134 1135 267 1206 coneilio
281 1135 464 1216 Basileensi,
481 1155 558 1200 sess.
575 1139 625 1216 22,
640 1153 710 1198 ean.
726 1137 757 1214 5,
770 1135 967 1215 posthabitis,
983 1153 1071 1215 prae-

132 1227 285 1298 termissis
299 1227 421 1292 olorinis
435 1228 468 1292 in
479 1229 653 1292 minoribus
668 1227 853 1307 constitutis,
873 1228 1071 1292 inculcatum

133 1315 1071 1401 fuitutolerieiomnesinsaorisconstituti,velperseveloum

134 1414 203 1482 eliis
211 1416 366 1494 associati,
379 1416 522 1480 divinum
537 1416 676 1478 officium
683 1413 822 1497 quotidie
837 1415 1068 1494 persolverent.

175 1509 265 1584 Quod
294 1509 423 1590 quidam
443 1510 535 1572 facile
564 1509 667 1590 potuit
699 1509 845 1570 effaetum
876 1526 969 1570 suum
999 1519 1075 1571 sor-

133 1601 203 1680 tiri,
234 1607 389 1684 quatenus
406 1603 475 1685 jam
497 1621 517 1666 a
542 1603 656 1666 saeeulo
685 1601 727 1665 XI
753 1599 890 1662 officium
914 1601 1073 1679 divinum,

135 1695 220 1776 quod
233 1696 266 1758 in
280 1696 422 1776 pluribus
438 1695 593 1760 distinctis
605 1695 816 1759 voluminibus
835 1694 1069 1775 reperiebatur,

135 1791 167 1852 et
180 1790 354 1853 seeundum
369 1789 570 1870 prudentiam
580 1787 816 1870 prafeoticbori
828 1787 1068 1866 moderabatur,

134 1901 154 1944 a
169 1883 320 1961 Gregorio
330 1901 416 1962 papa
427 1883 483 1946 vll
497 1883 530 1944 in
540 1901 638 1945 unum
653 1882 801 1944 volumen
810 1880 963 1957 contrahi,
979 1881 1071 1960 quod

135 1973 311 2038 breviarium
329 1976 448 2038 dietum
469 1980 526 2039 est.
552 1977 642 2050 Quod
666 1975 799 2057 quidem¹
818 1991 876 2054 pro
900 1973 1069 2054 dirigendo

134 2067 236 2130 officio
250 2069 458 2148 oompositum
472 2073 530 2148 ast,
546 2069 672 2152 quadiu
683 2067 797 2132 saeeilo
810 2067 970 2147 pontificio
983 2067 1072 2130 eale-

134 2161 308 2236 brabatur;
321 2161 405 2240 dein,
422 2164 593 2226 mandante
608 2161 757 2243 Gregorio
774 2163 816 2224 IX
831 2164 862 2223 et
872 2160 1071 2241 approbante
1195 2173 1205 2188 '

135 2252 265 2316 Niooleo
287 2255 339 2330 ΙΙΙ,
367 2253 512 2317 omnibus
533 2254 627 2318 Urbis
644 2253 783 2316 ecelesiis
794 2252 989 2336 propositum
1002 2257 1069 2327 est;

134 2344 211 2410 itam
226 2364 246 2408 a
258 2346 461 2427 sequentibus
473 2347 675 2418 Pontificibus
682 2346 768 2409 varie
781 2346 993 2408 modificatum
1007 2350 1068 2409 est.

175 2439 347 2520 Disciplina
359 2439 429 2504 baee
443 2440 476 2507 in
488 2440 627 2504 eeclesiis
641 2443 748 2504 Romae
766 2439 955 2515 introducta,
971 2437 1069 2500 etiam

134 2532 167 2606 in
189 2532 260 2606 aliia
275 2533 475 2613 dioecesibus,
493 2533 712 2614 episcoporum
729 2533 869 2611 oonsilio,
883 2530 1000 2613 passim
1017 2550 1071 2594 re-

133 2630 230 2710 eepta
240 2626 309 2698 fuit
328 2628 391 2698 Sed
404 2627 485 2690 varii
498 2629 588 2689 erant
602 2626 804 2690 ecelesiarum
813 2645 917 2690 mores
926 2628 1069 2705 tempore

135 2719 258 2790 oonoilii
273 2719 459 2798 'Iridentiui,
472 2737 570 2801 qurum
583 2723 615 2782 et
636 2718 739 2800 ipsum
761 2719 953 2783 breviarium
964 2737 1069 2782 roma-

134 2831 211 2884 num
232 2813 413 2876 ulteriorem
437 2812 688 2876 emandationem
710 2814 869 2893 postulare
887 2813 1065 2878 ridebatur.

136 2909 177 2973 Ut
190 2923 264 2975 varo
275 2908 384 2978 Patres
397 2906 472 2971 dieti
488 2905 610 2971 ooneilii
624 2906 826 2986 providerant
839 2906 985 2970 boolesire
997 2905 1069 2968 uni-

135 2998 284 3072 formitati
293 3002 324 3061 et
334 2999 547 3062 oonaouantiae
560 2999 593 3062 iu
605 2998 785 3079 hujusmodi
797 2999 949 3064 horarum
961 3017 1068 3078 perso-

135 3092 265 3170 lutione,
278 3090 416 3157 sessione
430 3091 583 3172 vigesima
597 3091 717 3173 quinta,
728 3091 917 3156 remiserunt
925 3093 965 3154 ad
976 3094 1013 3154 R.
1028 3093 1065 3155 P.

135 3188 171 3249 ut
183 3185 375 3250 breviarium
387 3185 608 3265 oorrigeretur,
629 3188 661 3248 et
684 3185 728 3250 sio
750 3186 895 3250 omnibus
910 3203 1069 3265 propone-

135 3280 233 3342 retur.
257 3279 347 3352 Ouod
370 3277 515 3358 praestitit
538 3279 570 3345 S.
592 3277 666 3344 Pius
681 3297 765 3359 papa
790 3281 828 3356 V,
847 3279 1067 3342 constitutione

137 3369 222 3445 Orod
246 3370 370 3449 aare,
387 3375 447 3435 ete.
463 3371 552 3446 Quod
572 3389 653 3452 opus
680 3372 727 3436 Pii
739 3375 777 3453 V,
794 3371 982 3440 adlamante
997 3373 1067 3437 vul

135 3466 167 3524 et
177 3463 304 3525 Urbano
317 3464 386 3526 VIII
399 3463 600 3528 emendatum
612 3469 668 3546 eat,
682 3469 741 3530 ato.
