2546 4016
162 285 218 350 116
388 300 618 348 rusrirunoxss
638 303 720 348 suris
743 302 898 348 uiuorum.

161 447 214 528 qui
237 447 388 508 Avenioni
416 447 506 526 sedit)
530 451 644 510 novem
664 461 852 525 componere
881 444 1094 506 Decretalium

161 541 376 602 collectionem
392 560 462 620 quae
478 540 760 618 comprehenderet
775 538 1011 600 constitutiones
1024 557 1044 598 a
1057 557 1093 598 se

161 633 270 710 editas,
286 637 352 694 tum
367 634 436 694 illas
452 651 522 713 quaa
538 634 609 694 latae
633 636 705 694 sunt
720 633 751 691 In
767 632 896 692 concilio
908 630 1090 706 Viennensi,

160 726 245 806 quod
265 727 479 788 celebraverat
502 744 583 786 anno
605 727 693 802 1311,
710 729 778 786 tum
793 741 863 804 quae
879 727 967 786 extra
984 724 1092 784 conei-

159 818 237 880 lium
250 819 341 880 edItae
357 823 438 882 sunt.

201 911 421 974 Collectionem
432 912 499 992 jam
514 913 686 989 perfectam
701 912 794 973 edere
810 911 868 972 sibi
884 916 1092 990 proposuerat

161 1005 220 1066 sub
230 1005 320 1066 titulo
334 1005 464 1086 Septimi
480 1003 698 1079 moritolium·
708 1004 774 1081 sed,
785 1007 885 1064 morte
900 1007 1089 1082 praeventae,

161 1098 304 1159 Clemens
339 1097 502 1158 consilium
537 1116 557 1157 a
587 1116 619 1157 se
656 1100 842 1175 conceptum
871 1097 997 1175 exsequi
1028 1113 1091 1156 non

161 1190 271 1268 potuit.
300 1192 468 1251 Successor
485 1189 552 1270 ejus
576 1192 713 1251 Ioannes
738 1191 821 1251 XXII
849 1189 949 1250 noluit
960 1190 1092 1268 vulgare

160 1282 221 1344 hoo
235 1302 313 1361 opus
328 1283 386 1343 sub
399 1281 525 1343 nomine
538 1282 669 1362 Septimi
684 1282 896 1358 decretalium,
913 1282 967 1342 sed
987 1281 1093 1360 potius
1166 1355 1169 1360 Ι
1271 1281 1272 1292 ³

160 1376 217 1436 sub
242 1376 367 1436 nomiae
400 1375 590 1436 collectionis
617 1375 827 1437 Decretalium
856 1375 1022 1436 Clementis
1051 1377 1090 1451 V,

161 1486 230 1548 quae
245 1469 338 1546 vulgo
354 1467 488 1529 dicitur:
508 1467 755 1529 Clementinorum
766 1487 778 1542 ,·
802 1485 934 1547 eamque
948 1467 987 1527 de
1002 1486 1091 1529 more

160 1560 332 1641 publicavit
355 1561 550 1622 universitati
562 1561 767 1638 Bononiensi,
786 1565 822 1622 ut
845 1578 953 1621 omnes
974 1561 1093 1640 magis-

160 1658 260 1716 tratus
275 1659 305 1716 et
318 1654 477 1716 scholares
503 1653 545 1714 ibi
562 1657 792 1714 commorantes
814 1672 852 1714 ea
877 1656 1038 1714 uterentur
1059 1652 1091 1712 in

156 1747 283 1826 judIciis
298 1752 329 1808 ct
346 1747 379 1808 in
395 1747 519 1808 scholis.
538 1747 620 1808 Ordo
635 1745 728 1825 hujus
741 1745 932 1807 collectionis
956 1748 1002 1806 est
1015 1763 1092 1804 ana-

160 1838 528 1918 logusantecedentibus.

199 1933 278 1992 XIV.
304 1931 365 1992 Sed
379 1933 516 1992 ioannes
531 1932 625 2006 XXII,
639 1932 692 2010 qui
707 1932 924 2010 pontificatum
938 1931 1035 2010 gessit
1049 1932 1091 1992 ab

160 2041 241 2084 anno
259 2025 335 2084 1316
357 2023 397 2084 ad
416 2041 534 2083 annum
548 2025 636 2098 1331,
656 2027 687 2084 et
701 2024 767 2102 ipse
783 2024 974 2102 pluresalias
993 2023 1092 2084 edidit
1112 2099 1115 2105 Ι

160 2115 406 2178 constitutiones
437 2117 527 2178 Unde
559 2115 690 2195 quidam
718 2121 837 2192 auctor,
856 2116 944 2197 cujus
975 2134 1089 2177 nomen
1171 2182 1174 2187 ,

159 2209 332 2287 ignoratur,
341 2228 423 2270 anno
449 2211 536 2286 1325,
553 2208 650 2269 edidit
673 2227 787 2270 novam
813 2209 1039 2286 collectionem,
1057 2209 1089 2268 in

161 2320 223 2380 qua
252 2301 487 2362 constitutiones
502 2301 631 2362 Ioannis
659 2303 741 2363 XXII
763 2301 879 2377 retulit,
897 2303 936 2362 ab
960 2301 1088 2363 exordio

159 2411 273 2471 nempe
288 2393 486 2471 pontificatus
499 2393 566 2474 ejus
581 2393 621 2454 ad
637 2413 755 2453 annum
769 2414 868 2474 usque
880 2398 966 2456 1325.

199 2489 286 2546 Hanc
302 2505 376 2565 ergo
391 2491 535 2567 quartam
548 2485 762 2548 collectionem
776 2487 897 2567 redegit
912 2504 1088 2566 anonymus
1165 2552 1168 2556 ,
1271 2495 1272 2526 l

161 2597 255 2658 quam
265 2579 398 2657 partitus
412 2583 459 2640 est
473 2580 505 2640 In
513 2580 582 2642 XIV
590 2579 708 2655 titulae,
721 2582 841 2640 retento
851 2583 956 2640 tamen
965 2598 1089 2658 semper

160 2671 268 2732 ordine
284 2671 417 2750 analogo
432 2671 634 2732 materiarum
650 2671 702 2749 qui
716 2676 858 2733 servatus
873 2672 986 2733 eratin
1000 2676 1088 2733 ante-

159 2762 295 2822 rioribus
310 2762 555 2823 collectionibus.

205 2853 304 2933 Hujus
345 2854 534 2916 collectionis
575 2855 682 2917 titulus
722 2862 769 2916 est
806 2878 811 2918 :
847 2857 1088 2936 Eutrocopootes

157 2944 383 3007 JoonoisXXII
390 2965 396 3005 :
408 2950 645 3026 extravagantes
653 2966 765 3026 nempe
773 2953 1088 3028 quatenusvagantur

158 3043 246 3105 extra
256 3059 368 3119 corpus
379 3043 563 3102 caeterarum
577 3041 798 3118 Decretalium,
810 3042 860 3101 vel
874 3045 962 3102 extra
976 3045 1087 3102 Decre-

157 3136 225 3194 tum
240 3133 387 3210 Gratiani,
402 3133 475 3212 quia
497 3151 535 3193 ex
549 3133 650 3210 dictis,
668 3151 782 3194 nomen
798 3134 858 3195 hoc
880 3138 1088 3213 extravagan-

157 3224 236 3284 tium
262 3229 308 3286 est
334 3226 473 3287 omnium
500 3225 709 3288 Decretalium
736 3226 914 3305 proprium,
933 3231 1086 3306 quatenus

157 3320 312 3394 vagantur
340 3321 428 3378 extra
448 3320 615 3382 Decretum
640 3319 832 3380 GratIanum.

198 3409 263 3470 XV.
278 3410 410 3469 Domum
429 3411 488 3471 sub
508 3410 593 3472 Sixto
610 3413 661 3487 IV,
678 3431 791 3491 nempe
803 3412 887 3474 circa
902 3403 997 3472 tinem
1011 3431 1082 3473 seeo.

157 3502 223 3578 XV,
240 3518 322 3564 nova
336 3501 420 3564 edita
430 3505 476 3565 est
488 3503 629 3566 collectio
648 3503 857 3566 Decretelium
871 3507 1084 3566 Romanorum
