2514 4014
141 264 178 325 lo
347 275 579 322 tnsrmnmouns
599 276 683 322 sums
705 275 859 322 cenoman

140 419 224 482 tlicoe
243 419 412 482 christiano>
429 417 613 482 determinat.
634 419 689 480 lus
705 421 812 480 autem
830 416 1016 480 canonicum
1031 429 1078 477 est

139 513 260 576 sonatio
274 513 370 592 leqnm
384 531 450 593 quae
465 511 502 572 ab
515 511 707 574 molestasticc
723 511 898 572 anctoritate
911 510 1076 591 propositae

140 614 169 668 et
182 606 353 686 approbatae
367 614 444 667 sunt.

180 701 231 762 VI.
247 701 321 760 llaec
329 703 435 762 autem
443 698 524 780 juris
538 699 670 762 scientia
678 696 795 777 duplici
806 695 927 758 ratione
938 695 1072 776 spectari

141 794 253 870 potest,
267 791 412 853 videlicet
425 794 578 871 quatenus
593 794 640 852 est
652 789 809 852 theoretico
819 791 850 850 et
860 791 1013 868 quatenus
1026 791 1073 848 est

136 884 282 964 practico.
298 885 388 946 Unde
400 885 602 963 distinguitur
605 883 688 964 jorn
698 882 839 944 canonici
845 881 959 962 peritia
970 901 988 940 a
990 880 1073 961 juris

136 975 307 1055 prudentia.
341 976 425 1038 Juris
453 976 567 1055 peritia
591 994 630 1038 ea
656 979 788 1038 vocatur
819 993 894 1053 pars
921 973 1072 1051 legalium

142 1069 317 1133 studiorum
342 1087 412 1148 quae
436 1068 468 1128 in
495 1069 652 1131 abstracta
677 1069 783 1148 legum
809 1066 1071 1145 contemplatione

141 1165 301 1234 versatum
315 1161 395 1242 juris
408 1167 514 1224 autom
535 1161 703 1240 prudentia
717 1180 755 1222 ea
769 1163 817 1222 est
830 1177 900 1240 qua
912 1159 998 1238 leges
1012 1177 1069 1237 pro

138 1254 234 1314 variis
267 1253 421 1317 factorum
456 1254 611 1334 adjunctis
647 1253 793 1333 applicat.
829 1251 965 1314 Proinde
991 1251 1072 1332 juris

139 1345 230 1425 periti
245 1347 389 1426 estleges
401 1365 603 1426 cognoscere,
617 1347 697 1426 juris
710 1345 872 1425 prudentis
883 1348 988 1406 autem
1002 1345 1072 1404 illas

140 1439 312 1518 prudenter
327 1440 496 1518 applicare.
513 1440 628 1500 Peritia
637 1440 668 1499 in
678 1439 803 1516 scholis,
818 1437 985 1517 prudentia
996 1453 1071 1498 vcro

141 1533 173 1594 in
188 1551 247 1592 usu
263 1530 450 1612 adquiritur.

181 1627 246 1688 Vll.
263 1626 372 1686 Plures
387 1629 461 1686 sunt
473 1625 742 1692 denominationes
754 1625 835 1704 juris
849 1623 958 1686 nostri.
972 1625 1073 1702 Leges

143 1717 289 1780 Ecclesiae
301 1718 351 1778 vel
360 1737 452 1780 sacrm
464 1719 513 1778 vel
519 1719 686 1799 pontificiae
697 1718 837 1779 dicendae
846 1721 928 1794 sunt,
937 1719 968 1778 et
977 1716 1070 1795 potis-

74 1815 76 1818 ’
144 1811 257 1872 simum
281 1810 497 1885 ecclesiasticam·
519 1830 581 1891 quo
596 1811 722 1872 nomine
745 1809 885 1872 Ecclesia
898 1810 983 1889 leges
999 1827 1072 1871 snas

144 1921 227 1980 saepe
242 1903 425 1964 nominavit.

182 1996 238 2057 Jus
259 1996 444 2056 canonicum
459 1997 566 2058 stricte
588 1995 710 2058 definiri
728 1999 832 2074 potest
851 2016 858 2056 :
875 1995 997 2055 scientio
1015 2013 1073 2076 qam

144 2087 458 2168 intepretantnrtepeo
470 2089 613 2150 Ecclesiae
626 2097 660 2150 nt
666 2089 742 2169 jera
754 2089 906 2169 officiaque
920 2087 1076 2151 christiani

139 2180 247 2260 populi
256 2179 497 2242 determinantur.
513 2183 603 2244 Unde
613 2182 822 2244 institutiones
838 2181 997 2244 canonicae
1011 2180 1071 2242 dici

143 2277 275 2352 possunt
295 2293 301 2334 :
320 2273 457 2334 tractatio
474 2274 636 2356 sanctifico
654 2274 689 2334 de
705 2273 865 2355 principiis
884 2282 913 2334 et
930 2273 1075 2334 elementis

138 2365 368 2445 jnrnccoom'ci.
377 2367 520 2446 cognitio
532 2387 607 2447 ergo
619 2385 715 2447 quam
727 2367 1075 2446 inquirimus‚versatur

145 2459 178 2518 in
187 2458 312 2539 juribus
326 2461 358 2520 et
367 2459 475 2520 officiis
484 2460 645 2521 christiani
661 2460 785 2540 populi;
803 2463 834 2520 et
845 2460 905 2522 hoc
916 2463 963 2522 est
972 2460 1074 2540 objec-

146 2555 214 2611 tum
228 2551 365 2612 scientiae
380 2556 505 2614 nostrae.

185 2647 264 2705 Vlll.
289 2645 337 2706 Ad
356 2650 534 2706 nostrarum
555 2645 786 2707 institutionum
804 2643 1006 2723 partitionem
1020 2645 1074 2706 de-

1 2793 2 2830 q
147 2738 340 2814 clamidem,
358 2739 450 2816 plura
461 2740 534 2798 sunt
549 2738 778 2816 praenotanda:

145 2923 190 2984 ita
202 2926 234 2984 et
243 2923 393 3001 speciales
405 2923 506 2983 fontes
516 2923 599 2984 unde
614 2923 743 3001 propria
755 2922 880 2984 hauriat
889 2925 1075 3002 argumenta

145 3015 270 3092 habeat,
288 3018 476 3075 neccsseest.
493 3015 955 3094 Philosophiahabetvemtates
967 3016 1075 3094 primi·

145 3107 225 3168 tivas
244 3113 394 3188 tanquam
411 3107 566 3186 principia
586 3111 617 3169 ct
631 3107 733 3168 fontes
747 3108 831 3168 unde
852 3113 974 3170 caeterae
996 3107 1075 3170 deri-

144 3202 268 3275 vantur,
278 3200 477 3260 ratiocinium
485 3203 748 3278 autemtanqnam
758 3200 898 3260 medium
906 3200 1075 3266 illascson·

143 3291 228 3352 tibus
242 3291 415 3352 derivandi.
428 3291 602 3371 Theologia
612 3293 709 3354 habet
718 3293 850 3354 verbum
860 3293 915 3354 Dei
923 3296 1074 3371 tanquam

145 3383 263 3445 fontem
271 3384 452 3462 generalem
464 3384 604 3446 omnium
616 3385 784 3447 veritatum
798 3385 882 3460 fidei,
899 3384 1074 3463 theologica

146 3479 255 3536 autem
286 3479 472 3553 argumenta
501 3481 653 3557 tanquam
681 3477 810 3541 media..
828 3477 902 3536 Inde
930 3476 1075 3537 dixerunt
