2514 4014
79 265 86 279 ’
129 276 167 344 ll
337 287 568 338 rnsnrurronus
588 287 670 336 rums
692 283 847 334 canonici.

131 451 194 516 qua
214 432 337 512 integra
355 433 532 512 respublica
549 430 746 494 const‘tuitur
763 450 770 491 :
788 427 962 492 constantia
984 445 1060 508 ergo

131 526 221 588 sicuti
236 527 446 588 necessarium
464 530 511 590 θεῖ
526 526 605 606 legis
617 524 812 600 attributum,
829 522 873 583 ita
888 524 918 585 et
930 540 1061 582 consue·

130 619 257 684 tudinis.
271 621 467 699 Quapropter
484 620 536 681 ubi
551 638 615 680 non
629 617 745 678 fuerint
758 635 861 680 mores
875 616 1059 692 uniformcS,

131 716 378 794 perseverantes,
395 713 499 791 prouti
520 712 725 776 constabiles
747 729 808 774 non
827 711 958 791 possunt
973 709 1060 790 leges

131 804 317 886 exprimere.

170 902 204 961 3ο
225 902 293 961 Non
313 900 428 962 sufficit
449 903 554 961 autem
571 902 605 960 ut
622 916 726 959 mores
743 898 804 960 sint
819 895 1019 958 rationabiles
1031 900 1064 956 et

133 996 320 1056 constantes
344 996 473 1073 Oportet
492 993 586 1054 etiam
607 996 642 1054 ut
661 992 722 1053 sint
740 1009 910 1051 communes,
932 988 1063 1069 Subjec-

132 1090 199 1150 tum
214 1087 297 1146 euim
310 1087 389 1165 legis
410 1087 617 1148 communitas
635 1089 698 1159 est3
718 1087 884 1164 propterea
902 1086 937 1144 ut
957 1100 1063 1143 mores

133 1179 308 1259 exprimant
321 1179 423 1257 legem
444 1179 476 1240 in
494 1179 610 1259 populo
629 1181 799 1257 receptam,
819 1194 945 1238 necesse
967 1179 1064 1237 estut

132 1289 235 1334 mores
250 1289 312 1332 non
325 1290 381 1350 pro
401 1291 464 1333 uua
478 1273 528 1333 rel
543 1273 642 1334 altera
656 1275 744 1351 parte
759 1269 990 1347 societatis,sed
1004 1289 1062 1350 pro

132 1365 256 1444 integra
277 1364 424 1426 societate
445 1366 562 1445 recepti
582 1365 708 1426 fuerint.
733 1363 904 1425 Introducti
926 1363 987 1424 sint
1006 1362 1063 1442 igi-

132 1462 184 1521 tur
197 1475 300 1518 mores
313 1458 362 1517 vel
377 1457 408 1518 in
421 1458 589 1520 universali
605 1457 763 1534 societate,
779 1457 804 1517 si
820 1455 923 1535 agitur
935 1457 973 1516 de
989 1474 1065 1516 con-

132 1550 296 1616 suetudine
317 1550 501 1629 universali,
518 1551 568 1613 vel
586 1551 617 1611 in
639 1549 831 1629 particulari,
857 1548 881 1609 si
902 1549 1006 1628 agitur
1024 1550 1063 1609 dc

134 1645 359 1706 consuetudine
383 1648 502 1707 tantum
523 1643 719 1724 particulari,
743 1663 772 1704 v.
799 1663 830 1722 g.
856 1661 925 1722 quae
949 1642 981 1702 in
999 1663 1064 1703 una

134 1741 256 1804 tantum
270 1738 442 1818 provincia,
457 1739 508 1800 vel
525 1737 652 1798 dioecesi
672 1733 840 1814 obtinetur,
858 1755 984 1798 necesse
1003 1740 1060 1797 est.

174 1834 205 1889 4⁰
227 1831 359 1890 Necesse
376 1835 423 1892 est
433 1832 528 1892 etiam
543 1834 577 1892 ut
589 1849 693 1892 mores
707 1829 984 1909 apprehendantur
995 1833 1064 1891 tan-

134 1940 230 2001 quam
242 1923 402 1984 moraliter
416 1922 596 2003 obliquatos,
612 1923 677 1983 sive
689 1922 741 2002 jus
760 1922 845 2002 quod
860 1923 1061 2000 constituunt,

134 2015 173 2075 sit
208 2015 432 2094 praeceptivum
458 2017 508 2076 vel
538 2015 756 2094 permissivum
784 2035 790 2075 :
819 2015 869 2075 lex
894 2015 975 2075 enim
1001 2034 1063 2076 non

134 2106 307 2186 concipitur
321 2108 379 2168 nisi
402 2109 556 2188 exprimat
576 2107 799 2188 obligationem
815 2109 864 2168 vel
883 2108 1063 2170 facultatem

134 2201 286 2264 moralem
297 2202 421 2281 agendi.

172 2297 205 2354 5⁰
226 2296 358 2356 Necesse
385 2299 490 2357 estut
513 2313 616 2357 mores
645 2294 706 2357 sint
731 2293 892 2375 conformes
921 2294 1068 2356 volontati

128 2386 293 2468 principia·
307 2388 451 2450 voluntas
475 2388 559 2448 enim
582 2389 636 2448 illa
659 2390 706 2448 est
720 2388 790 2448 sons
814 2388 973 2466 proximus
985 2387 1065 2467 juris

134 2481 275 2558 humani,
288 2484 320 2542 et
334 2481 400 2542 sine
413 2482 472 2552 hac
486 2483 646 2542 voluntate
661 2481 711 2540 lex
726 2481 919 2560 apprehendi
936 2481 1064 2541 minime

134 2576 245 2656 potest.
263 2575 337 2636 Haec
352 2579 457 2636 autem
479 2576 623 2636 voluntas
640 2574 789 2653 principis
810 2592 872 2635 non
888 2575 981 2636 debet
997 2592 1065 2636 esse

134 2687 214 2730 mero
221 2667 380 2748 patientie,
397 2668 453 2728 sed
465 2668 608 2729 voluntas
622 2667 747 2728 omnino
758 2667 866 2729 libera.

174 2763 225 2824 IX.
251 2760 376 2839 Triplex
397 2764 500 2840 potest
526 2760 675 2839 distingui
703 2759 882 2840 hujusmodi
907 2760 1062 2838 voluntas,

134 2853 253 2924 scilicet
267 2871 424 2932 expressa,
441 2853 547 2931 tacita,
561 2853 695 2933 denique
711 2856 921 2932 praesumpta:

175 2947 327 3029 Expresso
353 2945 468 3008 dicitur
493 2945 642 3024 principis
666 2947 832 3023 voluntas,
857 2946 882 3006 si
907 2945 1063 3025 princeps,

136 3041 294 3120 conceptis
309 3039 413 3101 verbis
428 3039 477 3100 vel
490 3039 623 3116 scriptiS,
635 3039 687 3119 jus
700 3039 839 3100 moribus
853 3039 1066 3100 introductum

136 3134 329 3213 promulget;
343 3151 405 3214 quo
416 3132 497 3192 iacto
504 3131 556 3212 jus
565 3151 626 3192 non
636 3132 786 3212 scriptum
797 3133 832 3193 fit
841 3133 892 3213 jus
901 3132 1061 3211 scriptum.

179 3225 280 3286 Tacita
295 3226 419 3304 dicitur,
430 3225 455 3288 si
470 3225 615 3305 princeps
631 3225 731 3286 sciens
746 3231 777 3287 et
791 3225 928 3305 prudens
943 3223 1064 3286 silentio

137 3319 292 3397 approbat
306 3320 389 3399 quod
405 3338 494 3380 secus
506 3322 612 3398 posset
620 3322 651 3380 et
666 3318 795 3381 deberet
809 3317 989 3397 reprobari:
1002 3335 1064 3398 quo

137 3430 223 3488 casu,
239 3410 342 3489 ipsum
357 3411 506 3490 principis
520 3411 677 3474 silentium
687 3413 865 3475 manifestat
877 3410 944 3491 ojus
955 3410 1065 3473 volun-

136 3507 254 3579 tatem;
