2484 4016
356 350 395 395 na
416 349 544 396 caruero
564 351 647 396 rums
668 350 825 400 carorum.
997 339 1055 402 317

161 491 271 564 Quoad
279 492 424 573 primum,
433 494 688 574 contemplationi
698 498 858 572 vacantes
867 513 905 556 ex
913 495 1054 559 instituto

122 585 293 646 maximum
305 590 429 666 tempus
437 587 661 665 impendebant
671 588 863 650 meditationi
875 589 1054 668 Scriptura-

121 697 200 740 rum.
213 680 389 757 llapropter
400 698 465 758 pree
481 680 602 741 caeteris
619 683 710 741 erant
724 681 900 757 exercitati,
916 686 960 759 ut,
978 683 1055 744 data

123 772 297 847 occasione,
312 772 514 850 gliscentibus
527 772 700 834 haeresibus
708 791 775 833 sese
787 778 989 852 opponerent.
1008 779 1034 838 It

122 863 349 926 monachorum
363 865 502 926 studium
514 865 687 926 Ecclesiam
693 865 827 946 juvabat
837 871 946 928 contra
955 868 1054 930 haere-

120 956 253 1018 ticorum
263 956 417 1018 incursus.

156 1049 268 1122 Quoad
288 1048 454 1124 seeundum,
477 1050 520 1125 id,
541 1049 598 1138 Dei
625 1050 841 1129 providentia,
872 1053 1052 1130 oppositum

16 1155 17 1218 j
119 1143 211 1204 fuisse
231 1143 357 1203 videtur
370 1143 581 1220 superstitioni
597 1161 809 1222 paganorum,
824 1162 895 1225 quae
919 1163 957 1206 ex
972 1143 1052 1208 tem-

16 1225 18 1292 Ξ
119 1255 193 1314 pore
219 1254 283 1297 non
300 1236 468 1297 corruebat
481 1236 622 1309 omnino;
639 1235 796 1316 siquidem
810 1238 1051 1316 spiritualismus

119 1329 309 1391 monasticus
320 1329 406 1389 visus
423 1332 469 1390 est
482 1329 643 1408 oppositus
657 1329 883 1390 materialismo
898 1348 1023 1410 pagano
1041 1351 1048 1392 :

16 1463 17 1486 1
119 1422 353 1500 proponebatur
366 1421 450 1482 euim
464 1421 638 1499 practioum
658 1422 834 1500 exemplum
849 1422 1050 1484 sublimitatis

16 1507 18 1574 Ῡ
117 1515 244 1576 moralis
259 1514 437 1576 christiana
450 1521 560 1576 contra
574 1514 784 1594 turpitudines
804 1533 842 1574 ex
864 1516 1049 1593 paganismo

118 1612 251 1668 exortas.
260 1609 299 1668 ut
309 1607 544 1687 quodammodo
556 1608 734 1686 exemplum
743 1607 909 1668 monastici
919 1607 1049 1669 instituti

118 1700 242 1762 videtur
265 1701 451 1762 successisse
477 1701 508 1760 in
529 1699 669 1762 Ecclesia
696 1700 837 1778 exemplo
859 1700 1050 1762 fortitudinis

116 1797 303 1872 martyrum,
320 1793 401 1854 utin
415 1793 531 1873 duplici
549 1793 610 1853 hoc
626 1792 796 1871 exemplari
814 1793 1048 1871 conspiceretur

115 1887 289 1948 sublimitas
304 1886 454 1948 doctriuae
470 1886 657 1946 christiana.

362 2035 388 2072 11.
404 2033 487 2082 Bporha
502 2033 640 2072 rnonnebtunt
653 2031 797 2072 occidentalis.

153 2149 233 2209 VIII.
251 2151 276 2209 N
280 2167 372 2210 ovam
384 2150 455 2210 vitae
471 2149 624 2229 regularis
633 2149 799 2227 periodum
813 2148 936 2227 aperuIt
949 2150 1047 2209 Bene-

115 2239 215 2300 dictus
231 2242 351 2302 NurSIae
366 2246 469 2319 natus,
487 2242 540 2322 qui
563 2242 700 2320 primum
723 2241 860 2318 Sublaci,
878 2241 992 2302 deiude
1013 2241 1046 2324 in

113 2337 218 2394 monte
243 2335 381 2410 Camino,
398 2335 589 2397 monasteria
603 2333 756 2408 fundant,
774 2333 911 2412 itemque
936 2353 1047 2395 mona-

18 2415 19 2463 l
114 2425 179 2485 obis
194 2426 260 2487 suis
274 2428 405 2489 tradidit
418 2429 574 2506 regulam,
586 2445 682 2508 quam
694 2429 725 2486 et
739 2425 854 2485 deinde
870 2443 978 2486 omues
993 2445 1046 2487 oc-
1083 2454 1088 2464 ¹

18 2579 19 2588 ¹
113 2519 284 2580 eidentales
299 2521 448 2582 monachi
468 2522 566 2582 secuti
580 2522 662 2581 sunt.
678 2517 787 2580 Merito
804 2517 1046 2579 occidentalium

19 2631 20 2672 t
112 2612 341 2673 monachorum
353 2614 531 2692 patriarcha
543 2613 742 2691 nuncupatus
755 2613 811 2672 est.

19 2709 20 2714 ’
152 2705 274 2784 Regula
287 2706 488 2768 benedictina
503 2707 543 2767 ad
553 2707 687 2766 formam
699 2722 764 2766 suae
779 2702 945 2783 primitivae
960 2703 1044 2765 insti-

110 2798 239 2860 tutionis
262 2801 378 2862 mansit
392 2818 491 2879 usque
513 2799 554 2860 ad
568 2797 718 2860 saeculum
734 2815 863 2873 nonum,
881 2815 942 2876 quo
964 2800 1046 2860 tem-

111 2909 198 2968 pore,
208 2911 281 2952 eum
296 2893 466 2972 aliquando
481 2891 640 2952 remittere
651 2889 718 2952 visa
727 2892 767 2952 sit
777 2892 815 2952 de
826 2909 884 2952 sua
893 2891 1044 2969 primaeva

110 2985 286 3062 disciplina,
304 2987 410 3062 plures
424 2991 499 3046 ortae
509 2988 582 3046 sunt
596 2985 866 3062 congregatIoues,
880 3004 911 3045 v.
929 3003 959 3062 g.
975 2984 1043 3046 Glu-

109 3077 276 3154 niaeensiS‚
297 3077 559 3154 camaldulensis,
589 3077 685 3138 Vallis
708 3077 887 3152 Umbrosae‚
914 3077 1045 3137 Cirster-

109 3171 233 3246 aiensis,
247 3175 320 3248 etc,
336 3176 408 3247 ete,
425 3189 495 3250 quae
504 3170 741 3231 benedictinum
756 3170 931 3230 instItutum
944 3169 1044 3229 refor-

108 3271 245 3325 marunt.
326 3341 328 3346 Ι

147 3359 211 3418 Sed
236 3358 285 3418 hee
304 3357 564 3436 congregationes
585 3375 649 3417 uon
671 3356 800 3414 fuerunt
824 3354 882 3414 nisi
911 3355 1042 3416 totidem

107 3450 381 3527 modificationes,
416 3450 654 3512 reformationes
685 3465 780 3524 supra
809 3447 1043 3509 benedictinam

108 3544 421 3623 regulam,tanquam
435 3543 634 3621 exemplaret
646 3559 844 3620 πρωτστυπον
858 3541 1039 3619 elaboratae,

907 3649 952 3704 ¹8*
