2512 4012
166 229 225 292 234
260 231 262 236 ’
384 243 612 291 mscnucronss
632 243 714 289 suns
737 242 890 292 classim.

169 389 336 468 postquam
375 383 407 450 in
433 389 517 450 coetu
545 385 752 460 cardinalium
779 405 917 449 romanae
952 390 1102 452 Ecclesiae

169 479 365 546 aasumensi
390 483 463 541 sunl
491 479 586 542 oliam
610 480 748 558 episcopi
775 481 904 560 quidam
923 481 1102 544 vicinarum

167 573 303 650 urbium,
322 572 395 635 dicti
412 573 544 652 proinde
566 572 703 652 episcopi
724 572 942 652 suburbicarii,
960 579 990 636 el
1001 580 1102 645 ,catc-

169 685 273 730 rcrum
288 667 505 744 cardinalium,
527 667 783 745 presbyterorum
802 686 915 746 nempe
929 672 970 729 ‘et
990 669 1100 730 diaco-

167 778 290 836 norum,
308 760 442 840 dignitas
457 760 625 821 sublimata
646 763 702 836 esc,
726 760 849 820 cumin
871 761 983 822 eodem
1000 781 1098 823 censu
1168 797 1170 801 ν
1238 759 1239 810 l

167 857 272 917 essent
284 857 434 932 tanquam
448 853 591 914 membra
602 853 694 914 unius
706 853 827 932 collegii
842 871 913 914 cum
928 854 1094 935 episcopis,

167 949 199 1012 cl
210 946 335 1008 illorum
351 946 485 1025 dignitas
500 946 567 1008 visa
582 949 629 1008 esi
644 946 732 1025 quasi
747 947 943 1024 episcopalis

205 1042 377 1119 Propterea
387 1039 566 1118 hujusmodi
578 1039 659 1100 tituli
672 1039 768 1101 crecti
781 1040 907 1100 suntad
921 1039 1009 1120 quasi
1019 1039 1100 1102 dioe·

166 1133 262 1196 casim
275 1153 282 1194 :
297 1133 463 1204 cardinalis
472 1123 585 1211 nempe
595 1132 627 1193 in
638 1132 727 1193 tilulo
738 1151 795 1195 suo
809 1132 934 1194 habitus
946 1137 993 1194 est
1007 1133 1101 1212 quasi

166 1224 376 1304 episcopusin
391 1225 529 1303 dioecesi,
546 1244 740 1305 romanaque
750 1225 893 1288 dioecesis
908 1225 940 1286 in
950 1229 996 1290 tot
1008 1226 1101 1304 quasi

166 1318 321 1380 dioeccses
331 1318 399 1382 visa
412 1321 458 1380 ecc
470 1317 625 1397 distingui
638 1325 714 1398 quot
734 1317 932 1380 habebantur·
951 1318 1100 1380 cardina-

164 1411 220 1473 litii
235 1411 326 1489 rituli,
349 1430 520 1491 eorumque
543 1411 683 1473 titulares
708 1411 796 1490 quasi
816 1410 965 1472 ordinarii
983 1411 1096 1490 hahiti,

166 1504 396 1586 episcopalique
408 1504 625 1585 jurisdictione
640 1503 789 1584 insigniti.
873 1503 877 1508 ”

206 1599 269 1661 Sed
280 1602 457 1678 postquam,
474 1597 623 1660 institutis
635 1597 809 1676 parochiis,
827 1597 1002 1658 secundarii
1028 1617 1098 1658 car-

166 1691 317 1760 dinalium
326 1691 407 1766 ciculi
420 1709 509 1754 suum
519 1691 643 1770 plebem
653 1690 834 1766 amiserunt,
849 1691 1000 1769 populum
1010 1691 1099 1753 vide-

165 1785 238 1848 licet
251 1784 309 1845 sibi
325 1784 496 1861 addiolum,
509 1789 540 1846 ct
548 1783 671 1864 jamdiu
684 1784 827 1845 asaeculc
840 1785 911 1846 XV⁰
920 1783 1099 1846 institutum

166 1880 213 1938 est
226 1876 364 1938 officinm
378 1877 544 1938 cardinalis
559 1877 678 1954 vicarii,
705 1877 793 1957 quasi
818 1880 899 1938 esset
918 1877 1098 1938 ordinarius

166 1968 262 2046 urbis,
283 1968 418 2048 cignos
442 1970 509 2030 haec
530 1970 581 2030 vel
602 1969 778 2050 jurisdictio
803 1969 891 2048 quasi
911 1969 1098 2049 episcopalis

166 2061 532 2128 annunciandum
555 2063 704 2135 indiculis
728 2062 810 2140 suia,
838 2062 942 2142 quoad
968 2061 1097 2124 honoris

163 2155 391 2235 pracogalivas
405 2155 520 2218 mansit
534 2151 674 2235 integra3
700 2155 763 2217 imo
778 2157 847 2234 plus
865 2173 962 2234 quam
976 2155 1099 2234 episco-

163 2248 243 2326 palis
258 2247 366 2309 hahita
376 2253 437 2322 est3
450 2249 509 2309 sed
522 2249 629 2329 quoad
633 2248 645 2330 j
650 2247 884 2310 urisdiciionem
893 2247 1005 2327 ipsam,
1016 2249 1096 2310 adeo

163 2340 325 2412 deminuta
337 2344 394 2417 esi,
408 2345 443 2402 ut
452 2341 556 2419 hodie,
568 2342 743 2421 praesertim
754 2345 826 2420 post
837 2341 1097 2404 Consliiuticnem

163 2435 337 2498 lnnocculii
359 2436 415 2496 XII
437 2435 596 2516 (Ronmncs
617 2434 773 2514 Ponn'sec)
794 2434 977 2513 anniacus,
1002 2435 1097 2496 redu-

166 2531 256 2589 catur
263 2529 304 2588 ad
315 2528 485 2608 quamdam
494 2531 681 2608 potestatem
692 2526 919 2589 oeconomicam
931 2531 962 2588 ei
974 2529 1095 2589 domes-

165 2621 261 2686 ticam
285 2622 491 2686 exercendam
509 2621 658 2682 informa
682 2620 908 2702 entrajudiciali
926 2621 1010 2692 iniis
1025 2641 1094 2701 quae

165 2715 335 2793 respiciunt
347 2733 397 2775 res
412 2718 443 2776 el
456 2731 608 2792 personas
620 2713 777 2792 Ecclesia,
794 2713 820 2774 si
840 2713 893 2794 qui
914 2713 958 2775 illi
970 2714 1094 2776 'addicti

165 2806 227 2868 sint
237 2805 339 2868 clerici
348 2807 524 2868 saeculares.
536 2807 615 2866 Nam
624 2806 649 2867 si
660 2807 821 2886 regulares
834 2807 897 2868 sini
905 2811 936 2868 el
946 2809 1092 2888 exempti,

165 2903 200 2962 ut
214 2898 288 2962 dicit
302 2899 387 2960 card.
410 2897 449 2958 de
464 2901 559 2976 Luca,
572 2898 748 2979 jurisdictio
762 2901 938 2961 cardinalis
961 2901 1094 2963 titularis

164 2991 410 3054 limitaneam
425 2991 598 3072 simplicem
610 2992 759 3054 Ecclesia
769 2993 963 3063 materialem
975 2993 1094 3076 inspec-

164 3085 293 3163 tionem,
309 3089 357 3147 cic
360 3128 421 3146 .....

205 3179 255 3240 Sic
271 3179 355 3258 quod
370 3181 490 3258 spectet
503 3178 544 3240 ad
554 3178 804 3258 jurisdictionem
825 3181 913 3260 quasi
932 3182 1094 3262 episcopa-

164 3271 238 3349 lem,
262 3291 300 3333 aa
318 3277 480 3334 exercetur
500 3273 533 3332 in
553 3276 620 3335 tcta
638 3272 718 3333 urhe
738 3291 758 3334 a
778 3273 930 3335 cardinali
954 3275 1090 3349 vicari03

166 3365 250 3446 quod
261 3369 367 3428 aulem
376 3366 511 3446 pertinet
521 3366 907 3446 adcuramparochialem,
916 3386 954 3430 ea
963 3367 1093 3447 singulis

165 3459 310 3536 parochis
325 3460 544 3522 demandatur.
