2484 4016
344 339 397 395 ,nn
419 339 651 388 canorosque
672 341 826 389 eruorrer.
997 329 1056 391 337

106 520 110 526 ·
124 481 218 546 nibus
231 480 431 562 militaribus,
439 485 472 546 in
486 484 599 566 quibus
611 485 670 546 suh
680 486 795 566 Magno
805 486 953 568 Magistro
961 486 1056 550 habe·

123 576 244 638 bantur
256 578 376 658 priores
387 582 418 640 et
428 577 546 655 ballivi,
561 581 621 639 etc.

167 673 322 735 Votorum
333 675 364 734 et
381 671 507 752 quidem
518 671 1056 753 solemniumcosteritus‚plenissimae

123 764 321 844 paupertatis
340 765 496 842 studium,
521 765 693 844 operositas
711 768 741 826 et
755 765 897 827 activitas
918 766 1056 830 caritatis

124 857 304 919 christiane
316 861 379 918 tres
399 859 526 919 fuerunt
544 861 626 919 notae
648 858 909 920 characteristico,
932 860 1058 923 institu-

122 953 231 1012 tomm
243 951 435 1031 regularium
446 951 550 1030 ,tertiae
568 951 699 1030 periodi.
720 954 827 1013 Restat
838 955 873 1013 ut
892 952 1055 1015 videamus

124 1043 215 1124 cujus
231 1043 371 1105 utilitatis
382 1044 509 1106 fuerunt
522 1063 579 1123 pro
595 1044 764 1107 christiana
778 1045 949 1126 republica,
964 1049 1023 1109 etc.
1151 1057 1156 1064 '

251 1251 258 1260 ἱ
269 1193 299 1231 Do
310 1191 412 1232 stultate
421 1191 472 1232 oltoe
484 1191 593 1241 reoulortu
601 1201 644 1241 pro
652 1191 777 1233 carorum
786 1193 909 1242 repetitor.

165 1311 246 1373 XIX.
259 1311 411 1373 Votorum
421 1314 452 1372 et
462 1311 588 1390 quidem
598 1309 784 1372 solemnium
795 1312 970 1390 austeritas,
979 1312 1055 1375 dum

123 1423 163 1464 ex
184 1421 249 1464 una
272 1407 360 1484 parte
389 1404 550 1466 reficiebat
570 1404 740 1482 collapsam
759 1405 937 1483 regularem
961 1404 1055 1467 disci-

121 1496 256 1576 plinam,
278 1497 389 1558 exalia
403 1498 554 1559 soeculum
568 1497 762 1576 provocabat
782 1497 824 1558 ad
840 1498 971 1560 virtutes
985 1497 1054 1560 illas

120 1589 205 1650 unde
218 1589 346 1650 omnino
359 1589 526 1652 defecerat.
543 1592 582 1652 nt
596 1609 668 1651 cum
682 1589 844 1668 mollities,
865 1590 972 1668 luxus,
987 1609 1055 1652 am-

121 1683 199 1744 bitio
215 1701 279 1744 non
294 1686 416 1744 tantum
430 1683 526 1745 laicos
548 1684 643 1761 viros,
665 1683 831 1745 sedetiam
851 1683 980 1745 clericos
998 1700 1055 1763 per

123 1779 250 1837 aetatem
261 1776 347 1835 illam
361 1794 424 1837 non
438 1795 550 1855 pamm
564 1776 753 1854 infecissent,
769 1776 843 1838 inde
854 1776 930 1839 talia
943 1795 1056 1856 propo-

123 1869 283 1930 nebantur
297 1868 435 1949 cujusvis
454 1869 579 1949 generis
592 1869 744 1946 instituta,
763 1869 875 1949 quibus
891 1887 999 1932 omnes
1013 1870 1054 1931 ad

122 1960 343 2043 perfectiorem
357 1962 455 2024 vitam
470 1963 589 2042 possint
599 1961 720 2023 incitari
740 1982 745 2023 ε
1055 1969 1057 1974 ’

165 2057 195 2116 t⁰
217 2053 344 2116 clericis
356 2055 564 2135 praefulgebat
575 2055 749 2116 institutum
769 2054 992 2117 canonicorum
1004 2075 1054 2117 re-

124 2147 456 2228 gularium,tanquam
470 2149 595 2209 vivendi
606 2148 765 2227 exemplar
773 2147 935 2210 clericatus
945 2167 1055 2229 perpe·

120 2245 230 2314 tunm;
246 2239 335 2301 laicis
350 2240 525 2303 institutum
538 2241 683 2302 ordinum
698 2241 890 2321 equestrium
904 2245 1055 2322 tanquam

121 2332 284 2411 exemplar
292 2332 442 2395 virtutum
452 2353 522 2414 qnae
538 2353 610 2395 cum
618 2333 720 2394 laicali
730 2336 812 2394 statu
825 2338 970 2412 poterant
982 2353 1054 2408 con·

119 2425 255 2499 sooia1i;
284 2426 428 2488 omnibus
443 2427 620 2488 institutum
639 2426 886 2487 mendicantium
903 2430 1054 2507 tanquam

120 2519 284 2598 exemplar
305 2519 495 2599 evangelicoe
514 2519 714 2599 perfectionis
733 2518 860 2580 cuilibet
885 2519 978 2581 statui
1001 2538 1054 2600 ap-

8 2627 9 2630 ’
119 2611 291 2691 plicandae3
321 2615 352 2674 et
375 2613 513 2692 quadam
537 2612 721 2692 gradatione
742 2611 933 2690 incipiebant
951 2613 1053 2690 primo

118 2703 263 2766 instituta
277 2705 464 2766 clericorum
475 2705 680 2784 regularium,
688 2704 802 2765 deinde
815 2704 956 2766 instituta
968 2723 1054 2766 men·

122 2797 309 2874 dicentium,
328 2801 364 2859 ut
377 2797 479 2877 primo
496 2798 619 2875 clerici,
636 2797 752 2860 deinde
771 2797 842 2858 laici
864 2817 922 2877 per
935 2799 1054 2878 gradus

123 2890 328 2952 ascendentes
347 2891 546 2971 perfectionis
566 2892 607 2952 ad
617 2891 779 2952 meliorem
791 2891 915 2970 frugem
925 2909 1055 2954 revoca·

8 2981 11 2996 '
121 2986 240 3045 rentur.
251 2983 313 3046 Sed
324 2984 592 3063 quemadmodum
601 2983 713 3046 vitium
726 2984 826 3046 atatis
835 2983 918 3045 illius
930 2984 962 3044 in
972 2984 1054 3045 fastu

122 3079 153 3139 et
166 3076 352 3156 praepotenti
368 3077 516 3138 decorato
532 3077 690 3156 praecipue
706 3075 906 3155 consistebat,
917 3077 1055 3141 itasnm·

123 3187 211 3230 mum
226 3169 420 3250 paupertatis
440 3174 471 3230 et
483 3170 666 3232 humilitatis
679 3170 817 3231 studium
831 3170 914 3250 quod
928 3188 1055 3250 promo·

122 3262 238 3325 vehant
261 3262 385 3325 ordines
400 3263 660 3339 mendicantium,
677 3263 779 3323 visum
799 3266 845 3323 est
860 3262 1054 3342 praecipuum

122 3355 245 3418 virtutis
268 3357 429 3434 exemplar
446 3355 528 3417 vitiis
550 3355 644 3435 hujus
666 3355 766 3416 aetatis
788 3355 938 3438 peculiari
958 3356 1053 3418 modo

123 3448 379 3528 contrapositum.

163 3541 252 3616 Quod
275 3544 307 3604 et
322 3541 397 3622 ipsis
413 3542 567 3607 haereticis
585 3540 669 3605 baud
684 3540 873 3605 intentatum
886 3542 1051 3618 novimus;
