<?xml version="1.0" encoding="UTF-8"?>
<!DOCTYPE html PUBLIC "-//W3C//DTD XHTML 1.0 Transitional//EN"
    "http://www.w3.org/TR/xhtml1/DTD/xhtml1-transitional.dtd">
<html xmlns="http://www.w3.org/1999/xhtml" xml:lang="en" lang="en">
 <head>
  <title>
</title>
<meta http-equiv="Content-Type" content="text/html;charset=utf-8" />
  <meta name='ocr-system' content='tesseract 3.04.00' />
  <meta name='ocr-capabilities' content='ocr_page ocr_carea ocr_par ocr_line ocrx_word'/>
</head>
<body>
  <div class='ocr_page' id='page_1' title='image "./institutionesju02marigoog_0135.png"; bbox 0 0 2546 4016; ppageno 0'>
   <div class='ocr_carea' id='block_1_1' title="bbox 182 255 898 328">
    <p class='ocr_par' dir='ltr' id='par_1_1' title="bbox 182 255 898 328">
     <span class='ocr_line' id='line_1_1' title="bbox 182 255 898 328; baseline 0.004 -11"><span class='ocrx_word' id='word_1_1' title='bbox 182 255 239 328; x_wconf 77' lang='lat' dir='ltr'>l28</span> <span class='ocrx_word' id='word_1_2' title='bbox 391 271 619 320; x_wconf 79' lang='lat' dir='ltr'>1usr1rur1ouus</span> <span class='ocrx_word' id='word_1_3' title='bbox 640 274 722 322; x_wconf 75' lang='lat' dir='ltr'>aunis</span> <span class='ocrx_word' id='word_1_4' title='bbox 745 272 898 320; x_wconf 76' lang='lat' dir='ltr'>canorum.</span> 
     </span>
    </p>
   </div>
   <div class='ocr_carea' id='block_1_2' title="bbox 117 414 1119 3447">
    <p class='ocr_par' dir='ltr' id='par_1_2' title="bbox 176 414 1119 960">
     <span class='ocr_line' id='line_1_2' title="bbox 180 414 1119 495; baseline 0.002 -19"><span class='ocrx_word' id='word_1_5' title='bbox 180 432 252 478; x_wconf 92' lang='lat' dir='ltr'>cum</span> <span class='ocrx_word' id='word_1_6' title='bbox 271 414 302 477; x_wconf 90' lang='lat' dir='ltr'>in</span> <span class='ocrx_word' id='word_1_7' title='bbox 322 415 435 495; x_wconf 86' lang='lat' dir='ltr'>quibus</span> <span class='ocrx_word' id='word_1_8' title='bbox 450 416 563 478; x_wconf 89' lang='lat' dir='ltr'>horum</span> <span class='ocrx_word' id='word_1_9' title='bbox 577 422 782 481; x_wconf 86' lang='lat' dir='ltr'>monumenta</span> <span class='ocrx_word' id='word_1_10' title='bbox 792 418 981 480; x_wconf 85' lang='lat' dir='ltr'>referuntur.</span> <span class='ocrx_word' id='word_1_11' title='bbox 999 417 1119 490; x_wconf 83' lang='lat' dir='ltr'>Quem-</span> 
     </span>
     <span class='ocr_line' id='line_1_3' title="bbox 179 507 1118 589; baseline 0.003 -20"><span class='ocrx_word' id='word_1_12' title='bbox 179 507 351 570; x_wconf 77' lang='lat' dir='ltr'>admodum</span> <span class='ocrx_word' id='word_1_13' title='bbox 382 529 457 589; x_wconf 82' lang='lat' dir='ltr'>ergo</span> <span class='ocrx_word' id='word_1_14' title='bbox 489 515 591 572; x_wconf 89' lang='lat' dir='ltr'>textus</span> <span class='ocrx_word' id='word_1_15' title='bbox 618 512 716 574; x_wconf 89' lang='lat' dir='ltr'>civilis</span> <span class='ocrx_word' id='word_1_16' title='bbox 744 512 867 573; x_wconf 88' lang='lat' dir='ltr'>duobus</span> <span class='ocrx_word' id='word_1_17' title='bbox 899 509 1118 572; x_wconf 87' lang='lat' dir='ltr'>voluminibus</span> 
     </span>
     <span class='ocr_line' id='line_1_4' title="bbox 179 601 1112 685; baseline 0.001 -23"><span class='ocrx_word' id='word_1_18' title='bbox 179 604 301 663; x_wconf 86' lang='lat' dir='ltr'>constat</span> <span class='ocrx_word' id='word_1_19' title='bbox 334 605 365 664; x_wconf 89' lang='lat' dir='ltr'>et</span> <span class='ocrx_word' id='word_1_20' title='bbox 395 601 575 664; x_wconf 84' lang='lat' dir='ltr'>scholarum</span> <span class='ocrx_word' id='word_1_21' title='bbox 598 606 667 666; x_wconf 86' lang='lat' dir='ltr'>usui</span> <span class='ocrx_word' id='word_1_22' title='bbox 703 605 914 685; x_wconf 80' lang='lat' dir='ltr'>proponitur,</span> <span class='ocrx_word' id='word_1_23' title='bbox 940 603 1029 665; x_wconf 88' lang='lat' dir='ltr'>itaet</span> <span class='ocrx_word' id='word_1_24' title='bbox 1047 603 1112 682; x_wconf 88' lang='lat' dir='ltr'>ipsi</span> 
     </span>
     <span class='ocr_line' id='line_1_5' title="bbox 177 694 1113 778; baseline 0.002 -22"><span class='ocrx_word' id='word_1_25' title='bbox 177 694 283 774; x_wconf 85' lang='lat' dir='ltr'>plures</span> <span class='ocrx_word' id='word_1_26' title='bbox 304 713 341 755; x_wconf 92' lang='lat' dir='ltr'>ex</span> <span class='ocrx_word' id='word_1_27' title='bbox 355 697 581 758; x_wconf 88' lang='lat' dir='ltr'>recentioribus</span> <span class='ocrx_word' id='word_1_28' title='bbox 592 698 672 778; x_wconf 87' lang='lat' dir='ltr'>juris</span> <span class='ocrx_word' id='word_1_29' title='bbox 688 698 829 760; x_wconf 91' lang='lat' dir='ltr'>canonici</span> <span class='ocrx_word' id='word_1_30' title='bbox 853 697 1050 760; x_wconf 80' lang='lat' dir='ltr'>collectiones</span> <span class='ocrx_word' id='word_1_31' title='bbox 1076 696 1113 758; x_wconf 92' lang='lat' dir='ltr'>in</span> 
     </span>
     <span class='ocr_line' id='line_1_6' title="bbox 178 786 1111 871; baseline 0.003 -24"><span class='ocrx_word' id='word_1_32' title='bbox 178 786 300 848; x_wconf 87' lang='lat' dir='ltr'>duobus</span> <span class='ocrx_word' id='word_1_33' title='bbox 311 788 520 851; x_wconf 90' lang='lat' dir='ltr'>voluminibus</span> <span class='ocrx_word' id='word_1_34' title='bbox 535 794 766 871; x_wconf 84' lang='lat' dir='ltr'>proposuerunt</span> <span class='ocrx_word' id='word_1_35' title='bbox 780 791 838 852; x_wconf 93' lang='lat' dir='ltr'>sub</span> <span class='ocrx_word' id='word_1_36' title='bbox 853 790 980 853; x_wconf 92' lang='lat' dir='ltr'>nomine</span> <span class='ocrx_word' id='word_1_37' title='bbox 995 788 1111 870; x_wconf 85' lang='lat' dir='ltr'>Corpo-</span> 
     </span>
     <span class='ocr_line' id='line_1_7' title="bbox 176 880 464 960; baseline 0.017 -21"><span class='ocrx_word' id='word_1_38' title='bbox 176 880 219 941; x_wconf 78' lang='lat' dir='ltr'>ris</span> <span class='ocrx_word' id='word_1_39' title='bbox 225 880 308 960; x_wconf 77' lang='lat' dir='ltr'>juris</span> <span class='ocrx_word' id='word_1_40' title='bbox 323 883 464 944; x_wconf 80' lang='lat' dir='ltr'>cononici.</span> 
     </span>
    </p>

    <p class='ocr_par' dir='ltr' id='par_1_3' title="bbox 172 975 1109 1425">
     <span class='ocr_line' id='line_1_8' title="bbox 216 975 1109 1058; baseline 0.004 -23"><span class='ocrx_word' id='word_1_41' title='bbox 216 975 384 1056; x_wconf 88' lang='lat' dir='ltr'>Postquam</span> <span class='ocrx_word' id='word_1_42' title='bbox 397 976 491 1057; x_wconf 80' lang='lat' dir='ltr'>igitur</span> <span class='ocrx_word' id='word_1_43' title='bbox 505 977 693 1056; x_wconf 75' lang='lat' dir='ltr'>precedenti</span> <span class='ocrx_word' id='word_1_44' title='bbox 709 982 843 1040; x_wconf 86' lang='lat' dir='ltr'>tractatu</span> <span class='ocrx_word' id='word_1_45' title='bbox 858 978 897 1038; x_wconf 89' lang='lat' dir='ltr'>de</span> <span class='ocrx_word' id='word_1_46' title='bbox 916 977 996 1058; x_wconf 85' lang='lat' dir='ltr'>juris</span> <span class='ocrx_word' id='word_1_47' title='bbox 1011 996 1109 1039; x_wconf 91' lang='lat' dir='ltr'>cano-</span> 
     </span>
     <span class='ocr_line' id='line_1_9' title="bbox 176 1067 1107 1150; baseline 0.005 -23"><span class='ocrx_word' id='word_1_48' title='bbox 176 1067 236 1128; x_wconf 88' lang='lat' dir='ltr'>nici</span> <span class='ocrx_word' id='word_1_49' title='bbox 261 1069 478 1131; x_wconf 79' lang='lat' dir='ltr'>collectionum</span> <span class='ocrx_word' id='word_1_50' title='bbox 501 1071 631 1132; x_wconf 85' lang='lat' dir='ltr'>historia</span> <span class='ocrx_word' id='word_1_51' title='bbox 654 1075 686 1133; x_wconf 88' lang='lat' dir='ltr'>et</span> <span class='ocrx_word' id='word_1_52' title='bbox 709 1071 895 1133; x_wconf 88' lang='lat' dir='ltr'>auctoritate</span> <span class='ocrx_word' id='word_1_53' title='bbox 925 1070 1107 1150; x_wconf 80' lang='lat' dir='ltr'>singillatim</span> 
     </span>
     <span class='ocr_line' id='line_1_10' title="bbox 175 1159 1105 1243; baseline 0.003 -23"><span class='ocrx_word' id='word_1_54' title='bbox 175 1159 394 1238; x_wconf 83' lang='lat' dir='ltr'>disseruimus,</span> <span class='ocrx_word' id='word_1_55' title='bbox 409 1166 537 1241; x_wconf 69' lang='lat' dir='ltr'>praestat</span> <span class='ocrx_word' id='word_1_56' title='bbox 550 1167 585 1224; x_wconf 91' lang='lat' dir='ltr'>ut</span> <span class='ocrx_word' id='word_1_57' title='bbox 601 1164 661 1225; x_wconf 89' lang='lat' dir='ltr'>hac</span> <span class='ocrx_word' id='word_1_58' title='bbox 675 1164 763 1226; x_wconf 88' lang='lat' dir='ltr'>brevi</span> <span class='ocrx_word' id='word_1_59' title='bbox 788 1163 962 1243; x_wconf 82' lang='lat' dir='ltr'>appendice</span> <span class='ocrx_word' id='word_1_60' title='bbox 985 1162 1105 1242; x_wconf 83' lang='lat' dir='ltr'>aliquid</span> 
     </span>
     <span class='ocr_line' id='line_1_11' title="bbox 172 1253 1099 1337; baseline 0.008 -25"><span class='ocrx_word' id='word_1_61' title='bbox 172 1253 211 1312; x_wconf 92' lang='lat' dir='ltr'>de</span> <span class='ocrx_word' id='word_1_62' title='bbox 219 1253 385 1330; x_wconf 77' lang='lat' dir='ltr'>partitione</span> <span class='ocrx_word' id='word_1_63' title='bbox 396 1259 426 1318; x_wconf 92' lang='lat' dir='ltr'>et</span> <span class='ocrx_word' id='word_1_64' title='bbox 436 1256 474 1318; x_wconf 90' lang='lat' dir='ltr'>de</span> <span class='ocrx_word' id='word_1_65' title='bbox 486 1257 669 1319; x_wconf 89' lang='lat' dir='ltr'>auctoritate</span> <span class='ocrx_word' id='word_1_66' title='bbox 677 1256 770 1337; x_wconf 84' lang='lat' dir='ltr'>hujus</span> <span class='ocrx_word' id='word_1_67' title='bbox 778 1257 882 1337; x_wconf 91' lang='lat' dir='ltr'>operis</span> <span class='ocrx_word' id='word_1_68' title='bbox 896 1255 1099 1320; x_wconf 80' lang='lat' dir='ltr'>disseramus.</span> 
     </span>
     <span class='ocr_line' id='line_1_12' title="bbox 173 1347 297 1425; baseline -0.008 -18"><span class='ocrx_word' id='word_1_69' title='bbox 173 1347 297 1425; x_wconf 89' lang='lat' dir='ltr'>ltaque:</span> 
     </span>
    </p>

    <p class='ocr_par' dir='ltr' id='par_1_4' title="bbox 173 1439 1101 1610">
     <span class='ocr_line' id='line_1_13' title="bbox 211 1439 1101 1522; baseline 0.007 -24"><span class='ocrx_word' id='word_1_70' title='bbox 211 1439 248 1501; x_wconf 95' lang='lat' dir='ltr'>ll.</span> <span class='ocrx_word' id='word_1_71' title='bbox 273 1442 392 1519; x_wconf 83' lang='lat' dir='ltr'>Corpus</span> <span class='ocrx_word' id='word_1_72' title='bbox 409 1441 490 1522; x_wconf 86' lang='lat' dir='ltr'>juris</span> <span class='ocrx_word' id='word_1_73' title='bbox 505 1443 646 1505; x_wconf 89' lang='lat' dir='ltr'>canonici</span> <span class='ocrx_word' id='word_1_74' title='bbox 662 1445 784 1506; x_wconf 87' lang='lat' dir='ltr'>duobus</span> <span class='ocrx_word' id='word_1_75' title='bbox 800 1444 1012 1506; x_wconf 90' lang='lat' dir='ltr'>voluminibus</span> <span class='ocrx_word' id='word_1_76' title='bbox 1027 1462 1101 1506; x_wconf 89' lang='lat' dir='ltr'>con-</span> 
     </span>
     <span class='ocr_line' id='line_1_14' title="bbox 173 1533 526 1610; baseline 0.008 -16"><span class='ocrx_word' id='word_1_77' title='bbox 173 1535 278 1610; x_wconf 78' lang='lat' dir='ltr'>stans,</span> <span class='ocrx_word' id='word_1_78' title='bbox 295 1533 339 1594; x_wconf 86' lang='lat' dir='ltr'>sic</span> <span class='ocrx_word' id='word_1_79' title='bbox 353 1534 503 1597; x_wconf 89' lang='lat' dir='ltr'>dividitur</span> <span class='ocrx_word' id='word_1_80' title='bbox 519 1556 526 1598; x_wconf 90' lang='lat'>:</span> 
     </span>
    </p>

    <p class='ocr_par' dir='ltr' id='par_1_5' title="bbox 117 1617 1102 2264">
     <span class='ocr_line' id='line_1_15' title="bbox 212 1617 1102 1708; baseline 0.003 -20"><span class='ocrx_word' id='word_1_81' title='bbox 212 1626 352 1688; x_wconf 88' lang='lat' dir='ltr'>Primum</span> <span class='ocrx_word' id='word_1_82' title='bbox 371 1629 520 1691; x_wconf 90' lang='lat' dir='ltr'>exhibet:</span> <span class='ocrx_word' id='word_1_83' title='bbox 539 1633 569 1690; x_wconf 89' lang='lat' dir='ltr'>l⁰</span> <span class='ocrx_word' id='word_1_84' title='bbox 583 1631 745 1694; x_wconf 89' lang='lat' dir='ltr'>decretum</span> <span class='ocrx_word' id='word_1_85' title='bbox 767 1617 921 1708; x_wconf 85' lang='lat' dir='ltr'>Gratiani,</span> <span class='ocrx_word' id='word_1_86' title='bbox 942 1635 974 1692; x_wconf 70' lang='lat'>2⁰</span> <span class='ocrx_word' id='word_1_87' title='bbox 991 1634 1031 1692; x_wconf 81' lang='lat'>56</span> <span class='ocrx_word' id='word_1_88' title='bbox 1049 1649 1102 1691; x_wconf 89' lang='lat' dir='ltr'>ca-</span> 
     </span>
     <span class='ocr_line' id='line_1_16' title="bbox 171 1721 1101 1803; baseline 0.005 -24"><span class='ocrx_word' id='word_1_89' title='bbox 171 1738 270 1781; x_wconf 90' lang='lat' dir='ltr'>nones</span> <span class='ocrx_word' id='word_1_90' title='bbox 286 1721 534 1800; x_wconf 85' lang='lat' dir='ltr'>poenitentiales,</span> <span class='ocrx_word' id='word_1_91' title='bbox 560 1726 594 1785; x_wconf 91' lang='lat'>3⁰</span> <span class='ocrx_word' id='word_1_92' title='bbox 610 1725 737 1784; x_wconf 90' lang='lat' dir='ltr'>demum</span> <span class='ocrx_word' id='word_1_93' title='bbox 756 1727 794 1786; x_wconf 78' lang='grc'>84</span> <span class='ocrx_word' id='word_1_94' title='bbox 820 1742 956 1785; x_wconf 89' lang='lat' dir='ltr'>canones</span> <span class='ocrx_word' id='word_1_95' title='bbox 978 1727 1101 1803; x_wconf 82' lang='lat' dir='ltr'>aposto-</span> 
     </span>
     <span class='ocr_line' id='line_1_17' title="bbox 170 1812 1102 1879; baseline 0.006 -7"><span class='ocrx_word' id='word_1_96' title='bbox 170 1812 283 1873; x_wconf 87' lang='lat' dir='ltr'>lorum.</span> <span class='ocrx_word' id='word_1_97' title='bbox 301 1814 345 1872; x_wconf 88' lang='lat' dir='ltr'>Do</span> <span class='ocrx_word' id='word_1_98' title='bbox 367 1813 498 1876; x_wconf 85' lang='lat' dir='ltr'>historia</span> <span class='ocrx_word' id='word_1_99' title='bbox 516 1820 547 1877; x_wconf 88' lang='lat' dir='ltr'>et</span> <span class='ocrx_word' id='word_1_100' title='bbox 566 1817 751 1879; x_wconf 90' lang='lat' dir='ltr'>auctoritate</span> <span class='ocrx_word' id='word_1_101' title='bbox 773 1815 891 1877; x_wconf 91' lang='lat' dir='ltr'>decreti</span> <span class='ocrx_word' id='word_1_102' title='bbox 908 1816 1045 1877; x_wconf 87' lang='lat' dir='ltr'>Gratiani</span> <span class='ocrx_word' id='word_1_103' title='bbox 1070 1820 1102 1878; x_wconf 90' lang='lat' dir='ltr'>et</span> 
     </span>
     <span class='ocr_line' id='line_1_18' title="bbox 117 1909 1100 1988; baseline 0.005 -23"><span class='ocrx_word' id='word_1_104' title='bbox 117 1930 119 1934; x_wconf 96' lang='lat'>·</span> <span class='ocrx_word' id='word_1_105' title='bbox 169 1922 325 1965; x_wconf 90' lang='lat' dir='ltr'>canonum</span> <span class='ocrx_word' id='word_1_106' title='bbox 348 1909 561 1983; x_wconf 85' lang='lat' dir='ltr'>apostolorum</span> <span class='ocrx_word' id='word_1_107' title='bbox 578 1909 646 1988; x_wconf 75' lang='lat' dir='ltr'>J&#39;am</span> <span class='ocrx_word' id='word_1_108' title='bbox 675 1911 749 1972; x_wconf 89' lang='lat' dir='ltr'>satis</span> <span class='ocrx_word' id='word_1_109' title='bbox 772 1909 985 1972; x_wconf 87' lang='lat' dir='ltr'>disseruimus.</span> <span class='ocrx_word' id='word_1_110' title='bbox 1009 1909 1100 1971; x_wconf 90' lang='lat' dir='ltr'>Unde</span> 
     </span>
     <span class='ocr_line' id='line_1_19' title="bbox 169 1996 1099 2081; baseline 0.008 -26"><span class='ocrx_word' id='word_1_111' title='bbox 169 1996 414 2059; x_wconf 88' lang='lat' dir='ltr'>concludemus:</span> <span class='ocrx_word' id='word_1_112' title='bbox 433 2006 636 2064; x_wconf 88' lang='lat' dir='ltr'>monumenta</span> <span class='ocrx_word' id='word_1_113' title='bbox 651 2003 683 2063; x_wconf 91' lang='lat' dir='ltr'>in</span> <span class='ocrx_word' id='word_1_114' title='bbox 700 2022 738 2064; x_wconf 92' lang='lat' dir='ltr'>ea</span> <span class='ocrx_word' id='word_1_115' title='bbox 758 2002 940 2064; x_wconf 86' lang='lat' dir='ltr'>collectione</span> <span class='ocrx_word' id='word_1_116' title='bbox 959 2021 1099 2081; x_wconf 86' lang='lat' dir='ltr'>compre-</span> 
     </span>
     <span class='ocr_line' id='line_1_20' title="bbox 168 2087 1097 2175; baseline 0.009 -27"><span class='ocrx_word' id='word_1_117' title='bbox 168 2087 267 2149; x_wconf 88' lang='lat' dir='ltr'>hensa</span> <span class='ocrx_word' id='word_1_118' title='bbox 285 2090 362 2151; x_wconf 89' lang='lat' dir='ltr'>tanti</span> <span class='ocrx_word' id='word_1_119' title='bbox 379 2092 484 2153; x_wconf 89' lang='lat' dir='ltr'>valere</span> <span class='ocrx_word' id='word_1_120' title='bbox 505 2094 612 2172; x_wconf 89' lang='lat' dir='ltr'>quanti</span> <span class='ocrx_word' id='word_1_121' title='bbox 626 2096 731 2157; x_wconf 88' lang='lat' dir='ltr'>valent</span> <span class='ocrx_word' id='word_1_122' title='bbox 744 2115 801 2175; x_wconf 88' lang='lat' dir='ltr'>per</span> <span class='ocrx_word' id='word_1_123' title='bbox 820 2115 869 2174; x_wconf 84' lang='lat' dir='ltr'>se,</span> <span class='ocrx_word' id='word_1_124' title='bbox 892 2095 923 2156; x_wconf 90' lang='lat' dir='ltr'>iu</span> <span class='ocrx_word' id='word_1_125' title='bbox 945 2099 1097 2175; x_wconf 82' lang='lat' dir='ltr'>quantum</span> 
     </span>
     <span class='ocr_line' id='line_1_21' title="bbox 166 2182 506 2264; baseline 0.021 -24"><span class='ocrx_word' id='word_1_126' title='bbox 166 2200 225 2241; x_wconf 89' lang='lat' dir='ltr'>usu</span> <span class='ocrx_word' id='word_1_127' title='bbox 239 2182 355 2244; x_wconf 87' lang='lat' dir='ltr'>fuerint</span> <span class='ocrx_word' id='word_1_128' title='bbox 370 2190 506 2264; x_wconf 85' lang='lat' dir='ltr'>recepta.</span> 
     </span>
    </p>

    <p class='ocr_par' dir='ltr' id='par_1_6' title="bbox 162 2275 1096 2712">
     <span class='ocr_line' id='line_1_22' title="bbox 211 2275 1096 2362; baseline 0.008 -27"><span class='ocrx_word' id='word_1_129' title='bbox 211 2275 289 2335; x_wconf 83' lang='lat' dir='ltr'>Cum</span> <span class='ocrx_word' id='word_1_130' title='bbox 314 2293 388 2337; x_wconf 88' lang='lat' dir='ltr'>vero</span> <span class='ocrx_word' id='word_1_131' title='bbox 416 2279 583 2340; x_wconf 84' lang='lat' dir='ltr'>recentiori</span> <span class='ocrx_word' id='word_1_132' title='bbox 606 2281 670 2361; x_wconf 88' lang='lat' dir='ltr'>juri</span> <span class='ocrx_word' id='word_1_133' title='bbox 695 2282 726 2340; x_wconf 92' lang='lat' dir='ltr'>in</span> <span class='ocrx_word' id='word_1_134' title='bbox 752 2281 892 2360; x_wconf 88' lang='lat' dir='ltr'>pluribus</span> <span class='ocrx_word' id='word_1_135' title='bbox 917 2280 1096 2362; x_wconf 79' lang='lat' dir='ltr'>hujusmodi</span> 
     </span>
     <span class='ocr_line' id='line_1_23' title="bbox 164 2367 1095 2454; baseline 0.013 -30"><span class='ocrx_word' id='word_1_136' title='bbox 164 2367 374 2429; x_wconf 88' lang='lat' dir='ltr'>monumentis</span> <span class='ocrx_word' id='word_1_137' title='bbox 386 2369 479 2431; x_wconf 86' lang='lat' dir='ltr'>fuerit</span> <span class='ocrx_word' id='word_1_138' title='bbox 493 2372 698 2452; x_wconf 82' lang='lat' dir='ltr'>derogatum,</span> <span class='ocrx_word' id='word_1_139' title='bbox 719 2375 792 2435; x_wconf 92' lang='lat' dir='ltr'>inde</span> <span class='ocrx_word' id='word_1_140' title='bbox 808 2377 854 2435; x_wconf 87' lang='lat' dir='ltr'>est</span> <span class='ocrx_word' id='word_1_141' title='bbox 869 2375 953 2454; x_wconf 87' lang='lat' dir='ltr'>quod</span> <span class='ocrx_word' id='word_1_142' title='bbox 969 2374 1095 2436; x_wconf 90' lang='lat' dir='ltr'>decreto</span> 
     </span>
     <span class='ocr_line' id='line_1_24' title="bbox 164 2459 1095 2546; baseline 0.011 -27"><span class='ocrx_word' id='word_1_143' title='bbox 164 2459 301 2519; x_wconf 87' lang='lat' dir='ltr'>Gratiani</span> <span class='ocrx_word' id='word_1_144' title='bbox 327 2460 420 2523; x_wconf 90' lang='lat' dir='ltr'>hodie</span> <span class='ocrx_word' id='word_1_145' title='bbox 443 2468 570 2526; x_wconf 84' lang='lat' dir='ltr'>utamur</span> <span class='ocrx_word' id='word_1_146' title='bbox 592 2467 696 2546; x_wconf 86' lang='lat' dir='ltr'>potius</span> <span class='ocrx_word' id='word_1_147' title='bbox 723 2467 764 2527; x_wconf 90' lang='lat' dir='ltr'>ad</span> <span class='ocrx_word' id='word_1_148' title='bbox 789 2466 951 2528; x_wconf 80' lang='lat' dir='ltr'>historiam</span> <span class='ocrx_word' id='word_1_149' title='bbox 979 2469 1095 2529; x_wconf 85' lang='lat' dir='ltr'>veteris</span> 
     </span>
     <span class='ocr_line' id='line_1_25' title="bbox 162 2551 1093 2638; baseline 0.009 -26"><span class='ocrx_word' id='word_1_150' title='bbox 162 2551 332 2630; x_wconf 75' lang='lat' dir='ltr'>disciplina</span> <span class='ocrx_word' id='word_1_151' title='bbox 347 2573 441 2634; x_wconf 88' lang='lat' dir='ltr'>quam</span> <span class='ocrx_word' id='word_1_152' title='bbox 451 2557 553 2638; x_wconf 88' lang='lat' dir='ltr'>adjus</span> <span class='ocrx_word' id='word_1_153' title='bbox 565 2560 739 2638; x_wconf 91' lang='lat' dir='ltr'>practicum</span> <span class='ocrx_word' id='word_1_154' title='bbox 751 2559 977 2620; x_wconf 86' lang='lat' dir='ltr'>ethodiernum</span> <span class='ocrx_word' id='word_1_155' title='bbox 986 2561 1093 2622; x_wconf 90' lang='lat' dir='ltr'>mode-</span> 
     </span>
     <span class='ocr_line' id='line_1_26' title="bbox 162 2644 455 2712; baseline 0.031 -9"><span class='ocrx_word' id='word_1_156' title='bbox 162 2644 307 2708; x_wconf 87' lang='lat' dir='ltr'>randum.</span> <span class='ocrx_word' id='word_1_157' title='bbox 452 2706 455 2712; x_wconf 90' lang='lat'>.</span> 
     </span>
    </p>

    <p class='ocr_par' dir='ltr' id='par_1_7' title="bbox 152 2737 1091 3447">
     <span class='ocr_line' id='line_1_27' title="bbox 200 2737 1091 2824; baseline 0.013 -28"><span class='ocrx_word' id='word_1_158' title='bbox 200 2737 309 2808; x_wconf 83' lang='lat' dir='ltr'>Quoad</span> <span class='ocrx_word' id='word_1_159' title='bbox 331 2757 406 2801; x_wconf 88' lang='lat' dir='ltr'>vero</span> <span class='ocrx_word' id='word_1_160' title='bbox 431 2759 566 2804; x_wconf 89' lang='lat' dir='ltr'>canones</span> <span class='ocrx_word' id='word_1_161' title='bbox 590 2746 821 2824; x_wconf 78' lang='lat' dir='ltr'>poenitentiales</span> <span class='ocrx_word' id='word_1_162' title='bbox 846 2767 853 2807; x_wconf 92' lang='lat'>:</span> <span class='ocrx_word' id='word_1_163' title='bbox 879 2744 929 2807; x_wconf 88' lang='lat' dir='ltr'>isti</span> <span class='ocrx_word' id='word_1_164' title='bbox 953 2764 1091 2808; x_wconf 86' lang='lat' dir='ltr'>canones</span> 
     </span>
     <span class='ocr_line' id='line_1_28' title="bbox 158 2829 1091 2918; baseline 0.012 -28"><span class='ocrx_word' id='word_1_165' title='bbox 158 2829 388 2907; x_wconf 87' lang='lat' dir='ltr'>poenitentiales</span> <span class='ocrx_word' id='word_1_166' title='bbox 411 2833 444 2893; x_wconf 90' lang='lat' dir='ltr'>in</span> <span class='ocrx_word' id='word_1_167' title='bbox 476 2853 607 2914; x_wconf 86' lang='lat' dir='ltr'>corpore</span> <span class='ocrx_word' id='word_1_168' title='bbox 630 2837 710 2918; x_wconf 85' lang='lat' dir='ltr'>juris</span> <span class='ocrx_word' id='word_1_169' title='bbox 740 2839 869 2900; x_wconf 86' lang='lat' dir='ltr'>exhibiti</span> <span class='ocrx_word' id='word_1_170' title='bbox 898 2839 1091 2901; x_wconf 85' lang='lat' dir='ltr'>constituunt</span> 
     </span>
     <span class='ocr_line' id='line_1_29' title="bbox 157 2927 1089 3012; baseline 0.013 -31"><span class='ocrx_word' id='word_1_171' title='bbox 157 2939 253 2982; x_wconf 92' lang='lat' dir='ltr'>unam</span> <span class='ocrx_word' id='word_1_172' title='bbox 280 2941 318 2982; x_wconf 85' lang='lat' dir='ltr'>cx</span> <span class='ocrx_word' id='word_1_173' title='bbox 335 2927 382 2985; x_wconf 89' lang='lat' dir='ltr'>tot</span> <span class='ocrx_word' id='word_1_174' title='bbox 405 2927 638 2991; x_wconf 88' lang='lat' dir='ltr'>collectionibus</span> <span class='ocrx_word' id='word_1_175' title='bbox 660 2931 753 3011; x_wconf 88' lang='lat' dir='ltr'>hujus</span> <span class='ocrx_word' id='word_1_176' title='bbox 777 2932 901 3012; x_wconf 83' lang='lat' dir='ltr'>generis</span> <span class='ocrx_word' id='word_1_177' title='bbox 924 2951 994 3012; x_wconf 85' lang='lat' dir='ltr'>quea</span> <span class='ocrx_word' id='word_1_178' title='bbox 1016 2951 1089 3011; x_wconf 87' lang='lat' dir='ltr'>pro-</span> 
     </span>
     <span class='ocr_line' id='line_1_30' title="bbox 156 3013 1088 3102; baseline 0.011 -26"><span class='ocrx_word' id='word_1_179' title='bbox 156 3013 282 3077; x_wconf 88' lang='lat' dir='ltr'>dierunt</span> <span class='ocrx_word' id='word_1_180' title='bbox 298 3017 376 3095; x_wconf 87' lang='lat' dir='ltr'>Vll⁰,</span> <span class='ocrx_word' id='word_1_181' title='bbox 391 3020 483 3097; x_wconf 88' lang='lat' dir='ltr'>Vlll⁰‚</span> <span class='ocrx_word' id='word_1_182' title='bbox 501 3023 555 3082; x_wconf 89' lang='lat' dir='ltr'>IX⁰</span> <span class='ocrx_word' id='word_1_183' title='bbox 577 3027 608 3084; x_wconf 91' lang='lat' dir='ltr'>et</span> <span class='ocrx_word' id='word_1_184' title='bbox 631 3026 671 3084; x_wconf 79' lang='grc' dir='ltr'>Χ0</span> <span class='ocrx_word' id='word_1_185' title='bbox 691 3043 777 3102; x_wconf 79' lang='lat' dir='ltr'>saec,</span> <span class='ocrx_word' id='word_1_186' title='bbox 795 3025 827 3084; x_wconf 90' lang='lat' dir='ltr'>in</span> <span class='ocrx_word' id='word_1_187' title='bbox 850 3024 882 3085; x_wconf 93' lang='lat' dir='ltr'>id</span> <span class='ocrx_word' id='word_1_188' title='bbox 905 3026 1032 3086; x_wconf 86' lang='lat' dir='ltr'>intentae</span> <span class='ocrx_word' id='word_1_189' title='bbox 1053 3030 1088 3086; x_wconf 94' lang='lat' dir='ltr'>ut</span> 
     </span>
     <span class='ocr_line' id='line_1_31' title="bbox 154 3109 1085 3196; baseline 0.013 -30"><span class='ocrx_word' id='word_1_190' title='bbox 154 3109 354 3188; x_wconf 71' lang='lat' dir='ltr'>prefigerent</span> <span class='ocrx_word' id='word_1_191' title='bbox 393 3130 536 3174; x_wconf 84' lang='lat' dir='ltr'>normam</span> <span class='ocrx_word' id='word_1_192' title='bbox 571 3117 811 3195; x_wconf 79' lang='lat' dir='ltr'>sacerdotibus,</span> <span class='ocrx_word' id='word_1_193' title='bbox 844 3118 876 3177; x_wconf 91' lang='lat' dir='ltr'>in</span> <span class='ocrx_word' id='word_1_194' title='bbox 909 3118 1085 3196; x_wconf 83' lang='lat' dir='ltr'>infligendis</span> 
     </span>
     <span class='ocr_line' id='line_1_32' title="bbox 153 3200 1085 3286; baseline 0.013 -29"><span class='ocrx_word' id='word_1_195' title='bbox 153 3200 254 3276; x_wconf 85' lang='lat' dir='ltr'>poenis</span> <span class='ocrx_word' id='word_1_196' title='bbox 274 3202 306 3261; x_wconf 93' lang='lat' dir='ltr'>in</span> <span class='ocrx_word' id='word_1_197' title='bbox 322 3204 389 3265; x_wconf 85' lang='lat' dir='ltr'>foro</span> <span class='ocrx_word' id='word_1_198' title='bbox 405 3207 624 3286; x_wconf 70' lang='lat' dir='ltr'>poenitentiali,</span> <span class='ocrx_word' id='word_1_199' title='bbox 641 3229 680 3270; x_wconf 88' lang='lat' dir='ltr'>ne</span> <span class='ocrx_word' id='word_1_200' title='bbox 694 3209 840 3273; x_wconf 88' lang='lat' dir='ltr'>videlicet</span> <span class='ocrx_word' id='word_1_201' title='bbox 851 3213 905 3271; x_wconf 87' lang='lat' dir='ltr'>aut</span> <span class='ocrx_word' id='word_1_202' title='bbox 926 3209 1023 3271; x_wconf 90' lang='lat' dir='ltr'>nimia</span> <span class='ocrx_word' id='word_1_203' title='bbox 1037 3210 1085 3270; x_wconf 94' lang='lat' dir='ltr'>in-</span> 
     </span>
     <span class='ocr_line' id='line_1_33' title="bbox 152 3290 1083 3382; baseline 0.011 -30"><span class='ocrx_word' id='word_1_204' title='bbox 152 3290 315 3370; x_wconf 82' lang='lat' dir='ltr'>dulgentia</span> <span class='ocrx_word' id='word_1_205' title='bbox 329 3297 509 3376; x_wconf 85' lang='lat' dir='ltr'>delicerent,</span> <span class='ocrx_word' id='word_1_206' title='bbox 528 3304 582 3362; x_wconf 88' lang='lat' dir='ltr'>aut</span> <span class='ocrx_word' id='word_1_207' title='bbox 593 3301 690 3364; x_wconf 88' lang='lat' dir='ltr'>nimia</span> <span class='ocrx_word' id='word_1_208' title='bbox 702 3303 866 3364; x_wconf 86' lang='lat' dir='ltr'>severitate</span> <span class='ocrx_word' id='word_1_209' title='bbox 876 3303 956 3382; x_wconf 87' lang='lat' dir='ltr'>juris</span> <span class='ocrx_word' id='word_1_210' title='bbox 969 3302 1083 3363; x_wconf 89' lang='lat' dir='ltr'>limites</span> 
     </span>
     <span class='ocr_line' id='line_1_34' title="bbox 152 3383 347 3447; baseline 0.015 -3"><span class='ocrx_word' id='word_1_211' title='bbox 152 3383 347 3447; x_wconf 88' lang='lat' dir='ltr'>excederent.</span> 
     </span>
    </p>
   </div>
   <div class='ocr_carea' id='block_1_3' title="bbox 190 3463 1099 3568">
    <p class='ocr_par' dir='ltr' id='par_1_8' title="bbox 190 3463 1099 3568">
     <span class='ocr_line' id='line_1_35' title="bbox 190 3463 1099 3568; baseline 0.014 -30"><span class='ocrx_word' id='word_1_212' title='bbox 190 3476 252 3538; x_wconf 80' lang='lat' dir='ltr'>sea</span> <span class='ocrx_word' id='word_1_213' title='bbox 268 3477 335 3538; x_wconf 73' lang='lat' dir='ltr'>naeo</span> <span class='ocrx_word' id='word_1_214' title='bbox 359 3481 500 3545; x_wconf 69' lang='lat' dir='ltr'>conecto</span> <span class='ocrx_word' id='word_1_215' title='bbox 517 3486 633 3547; x_wconf 72' lang='lat' dir='ltr'>aunam</span> <span class='ocrx_word' id='word_1_216' title='bbox 647 3506 712 3566; x_wconf 76' lang='lat' dir='ltr'>prae</span> <span class='ocrx_word' id='word_1_217' title='bbox 737 3463 857 3550; x_wconf 62' lang='lat' dir='ltr'>cartas</span> <span class='ocrx_word' id='word_1_218' title='bbox 877 3489 964 3550; x_wconf 67' lang='lat' dir='ltr'>lions</span> <span class='ocrx_word' id='word_1_219' title='bbox 979 3489 1099 3568; x_wconf 62' lang='lat' dir='ltr'>peni:</span> 
     </span>
    </p>
   </div>
   <div class='ocr_carea' id='block_1_4' title="bbox 0 0 1278 4016">
    <p class='ocr_par' dir='ltr' id='par_1_9' title="bbox 0 0 1278 4016">
     <span class='ocr_line' id='line_1_36' title="bbox 0 0 1278 4016; baseline 0 10"><span class='ocrx_word' id='word_1_220' title='bbox 0 0 1278 4016; x_wconf 95' lang='lat' dir='ltr'> </span> 
     </span>
    </p>
   </div>
  </div>
 </body>
</html>
