2546 4016
182 281 222 342 aa
391 291 618 338 rrsrrrunonns
639 292 720 338 sarrs
743 291 895 339 ennonrcr.

183 436 405 518 quemdamlex
421 434 480 494 illis
492 435 654 496 monachis
671 435 808 514 Scythiae
826 435 878 515 qui
899 453 956 514 per
976 454 1015 498 ea
1033 439 1114 498 tem·

141 550 143 555 ·
185 545 263 608 pora
285 527 489 588 defenderent
510 526 756 606 propositionem
785 529 942 590 celebrem
965 548 972 589 ε
1004 549 1018 586 u
1040 548 1116 589 enus

182 621 217 682 de
244 619 388 681 Trinitate
405 637 509 700 passos
528 627 585 696 est,
604 642 618 676 n
644 623 811 699 propterea
834 621 955 684 venisse
979 624 1114 682 Romam

183 730 311 776 cansam
333 721 424 773 snam
442 711 615 790 dicturum,
635 713 718 773 unde
733 713 907 774 timendum
919 714 1052 776 fortasse
1066 718 1115 776 est

183 806 268 887 qnod
290 805 478 884 probitatem
490 823 553 865 non
564 808 684 866 tantam
697 805 842 866 habuerit
854 809 1004 885 quantam
1015 806 1114 866 simu-

87 908 96 930 ·
182 898 312 971 loverit;
342 915 400 960 neo
427 899 550 958 tantum
576 897 671 958 fuisse
695 899 843 958 Romane
860 897 933 958 Sedi
962 898 1112 960 devotum

183 1009 278 1071 quam
289 1009 415 1052 curasse
426 994 461 1050 ut
475 1008 544 1050 eam
566 989 623 1050 sibi
639 989 830 1052 conciliaret.
853 991 915 1050 Hos
930 991 1110 1070 scrupulosa,

181 1084 239 1144 has
261 1083 447 1159 anxietates
472 1099 549 1162 quas
570 1081 684 1160 ingerit
702 1082 904 1158 BerhardinS,
923 1101 961 1142 ex
985 1101 1021 1143 eo
1041 1086 1112 1144 tan-

181 1181 248 1238 tum
266 1175 327 1235 levi
346 1175 548 1236 fondamento
563 1175 647 1253 quod
667 1174 833 1252 Dyonisius
851 1179 919 1236 erat
936 1176 1111 1236 monachus

181 1268 308 1346 scytha,
339 1271 412 1328 sunt
441 1267 556 1327 nullius
580 1267 751 1344 momenti,
777 1286 849 1327 cnm
872 1269 994 1328 exalia
1020 1271 1110 1346 parte

180 1363 302 1422 constet
315 1361 397 1421 hanc
412 1359 627 1421 collectionem
641 1359 735 1420 fuisse
751 1361 834 1438 apud
852 1361 979 1421 Latinos
998 1361 1111 1420 unani-

179 1453 272 1515 miter
286 1455 445 1531 receptam
461 1455 493 1512 et
506 1452 676 1512 maximam
693 1451 752 1512 sibi
769 1452 978 1530 promeruisse
1002 1452 1108 1514 existi-

179 1545 359 1608 mationem.
753 1589 755 1594 ,

218 1641 284 1701 Hoc
295 1638 409 1701 sufficit
420 1636 604 1717 suffragium
617 1635 777 1716 publicum
789 1641 824 1698 ut
845 1636 985 1698 dicamus
1001 1636 1107 1717 hujus-

179 1732 264 1793 modi
280 1730 471 1793 collectionis
485 1733 645 1792 auctorem
657 1728 743 1790 haud
756 1730 851 1791 fuisse
860 1730 1031 1794 falsarium.

219 1824 318 1904 Hujus
324 1823 440 1902 publici
448 1823 588 1901 suffragii
597 1821 811 1884 testimonium
820 1823 973 1884 habemus
985 1823 1106 1902 potissi-

179 1933 267 1986 mum
281 1935 319 1976 ex
333 1933 370 1975 eo
384 1915 468 1994 quod
480 1915 648 1992 Adrianus,
667 1917 814 1976 Summus
829 1916 982 1994 Pontifex,
996 1916 1107 1978 Carula

179 2009 432 2087 MagnoRomam
441 2007 578 2068 venienti
589 2006 711 2070 dederit
722 2008 1110 2071 canonumeollecticnem

179 2101 296 2163 dictam
310 2100 492 2177 Adrienam,
511 2119 581 2180 quae
591 2118 654 2162 non
669 2101 773 2164 differt
787 2121 806 2162 a
820 2101 1028 2181 Dyonisiana,
1048 2100 1107 2162 nisi

178 2193 210 2254 in
228 2197 379 2273 qnantum
387 2194 527 2272 praeterit
536 2211 671 2256 canones
684 2195 887 2256 conciliorum
896 2194 1106 2274 generalium,

173 2285 241 2367 jam
255 2287 287 2346 in
301 2285 405 2348 Galliis
413 2289 513 2364 notos,
528 2290 560 2348 et
569 2288 713 2365 producit
729 2288 903 2350 decretales
916 2286 1105 2366 pontificias,

177 2378 273 2440 etiem
287 2382 359 2457 post
372 2379 572 2440 Anastasium
586 2381 623 2441 ll.

216 2474 290 2532 Haec
302 2471 442 2533 collectio
454 2461 610 2550 Adriane,
626 2490 722 2553 opera
731 2472 832 2536 Caroli
847 2472 965 2552 Magni,
978 2475 1106 2552 recepta

176 2564 267 2626 estin
283 2565 381 2626 Gallia
399 2565 558 2626 communi
574 2565 740 2645 suffragio;
757 2570 788 2627 et
804 2569 932 2646 propter
949 2583 1105 2627 summam

177 2676 240 2738 qua
249 2659 408 2738 gaudebat
416 2658 644 2736 auctoritatem,
655 2658 901 2722 antonomastice
914 2661 1028 2722 vocata
1038 2662 1099 2720 est:

178 2750 277 2812 Codear
290 2770 439 2814 canonum.
809 2781 812 2786 ·

215 2845 370 2905 Ceterum
390 2844 492 2904 nullus
510 2843 614 2907 adhuc
632 2842 690 2906 fuit
709 2844 761 2925 qui
780 2844 951 2925 qnamdam
967 2844 1104 2923 potuerit

175 2936 411 3016 deprehendere
434 2935 602 2998 falsitatem
627 2938 659 2997 in
685 2938 866 3000 collectione
899 2937 1100 3015 Dyonisiana.

174 3033 257 3110 Ergo
270 3030 354 3092 omni
374 3030 435 3091 fide
446 3029 686 3111 dignissimaest
702 3031 840 3109 Dyonisii
861 3031 1020 3106 sollertia,
1037 3030 1103 3092 sive

173 3123 457 3202 inspecta-scientia
467 3127 498 3184 et
506 3123 662 3202 probitate
673 3123 858 3201 collectoris,
875 3123 940 3186 sive
961 3124 1103 3200 inspecta
1220 3145 1229 3162 ·

174 3217 299 3294 publica
322 3236 418 3296 quam
442 3216 553 3278 habuit
573 3215 817 3293 existimatione,
839 3219 871 3278 et
892 3215 1005 3276 exinde
1029 3215 1102 3277 reti·

174 3308 279 3371 nenda
291 3312 347 3370 est.
