2546 4016
183 309 242 370 118
392 313 621 364 insursu-nones
641 311 723 360 rums
745 309 900 358 canumet.

221 469 252 528 3⁰
274 465 327 526 Ra
356 459 634 543 praesumptiones,
664 457 738 520 lieet
767 454 936 537 propositae
966 452 1028 516 sint
1055 472 1119 536 pro

182 561 288 638 legum
302 555 571 635 interpretatione,
584 551 729 615 omnibus
743 554 850 613 tamen
865 549 960 612 etiam
974 547 1006 608 in
1020 568 1121 628 peon·

182 650 312 714 liaribus
338 648 419 730 juris
444 645 700 727 dispositionibus
728 647 870 724 possunt,
888 643 963 704 data
985 661 1122 727 propor-

183 746 279 820 tione,
296 741 461 823 applioari,
478 741 509 801 in
526 742 679 821 quantum
694 738 812 800 soilioet
835 756 944 801 omnes
970 743 1119 802 naturam

184 839 291 916 legum
305 834 478 896 imitantur.

551 991 681 1054 CAPUT
702 989 740 1051 ΙΙ.

313 1179 315 1183 -
382 1155 421 1200 nn
442 1154 588 1200 rourrrus
609 1152 913 1200 rurnnrnnrsrroms.

222 1287 245 1350 1.
269 1287 383 1347 Fontes
407 1283 565 1350 canoniea
589 1282 857 1362 interpretationis
873 1283 1019 1346 dicuntur
1046 1283 1119 1346 looa

185 1379 268 1440 unde
294 1380 480 1458 argumenta
506 1376 632 1438 haurire
660 1375 765 1437 valeat
787 1375 958 1455 interpres,
983 1380 1017 1438 ut
1038 1377 1118 1457 legis

185 1490 311 1532 sensum
332 1474 511 1552 eognoscat,
531 1469 692 1550 cognitum
710 1469 791 1531 tueri
813 1474 927 1550 quaeat.
948 1471 1021 1532 Jam
1041 1488 1119 1534 vero

186 1565 254 1628 haeo
277 1565 347 1626 looa
362 1563 477 1644 duplioi
496 1582 534 1624 ex
554 1563 656 1642 eapite
671 1563 734 1642 peti
752 1566 883 1643 possunt
905 1584 911 1624 :
935 1582 1049 1643 nempe
1068 1563 1120 1626 vel

186 1678 223 1732 ea
235 1658 359 1736 joreval
371 1657 505 1738 essarto.
519 1657 602 1736 Ergo
616 1655 729 1717 horum
738 1656 880 1718 looorum
896 1657 1118 1720 tractationem

187 1751 219 1811 in
234 1751 313 1813 duos
328 1751 491 1830 generales
502 1752 561 1812 art.
579 1748 818 1828 distinguemus,
834 1767 968 1830 quorum
983 1749 1121 1831 primum

188 1843 228 1906 de
249 1843 332 1925 jure,
350 1843 484 1904 alterum
507 1845 612 1904 autem
638 1841 677 1902 de
700 1843 794 1920 fecto,
821 1842 1026 1923 inquantum
1051 1862 1121 1906 esse

189 1939 319 2014 possunt
332 1935 433 1997 fontes
448 1933 608 1998 oanonioae
619 1933 886 2016 jurisprudentia.

484 2119 663 2171 auriculas
681 2119 813 2171 PRIMUS.

192 2275 225 2316 ΒΕ
240 2275 305 2314 tunt
322 2272 462 2319 QUA'I'ENUS
486 2273 533 2314 EST
550 2273 616 2314 FONS
634 2273 774 2315 SACRORUH
792 2273 919 2314 cauom
945 2275 1121 2318 mnarum·

603 2349 699 2390 TIONIS.

230 2483 297 2558 lus,
312 2484 348 2542 ut
362 2496 469 2542 omnes
480 2477 592 2556 seiont,
610 2476 724 2558 duplex
738 2494 806 2539 esse
816 2482 930 2558 potest,
947 2495 1061 2562 nempe
1070 2482 1121 2544 vel

193 2573 332 2636 divinum
340 2575 391 2635 rel
401 2573 585 2649 humanum,
593 2570 697 2650 prouti
710 2572 802 2632 aDeo
814 2572 863 2633 vel
876 2573 916 2634 ab
925 2573 1051 2636 homine
1065 2575 1123 2637 im·

192 2667 328 2728 mediate
351 2665 450 2728 latum
464 2663 568 2726 fuerit.
586 2667 683 2725 Porro
699 2664 867 2744 utrumque
889 2666 941 2746 jus
962 2667 1032 2729 fons
1054 2685 1122 2731 esse

192 2763 294 2838 potest
304 2757 568 2838 interpretationis
578 2756 749 2819 canoniea.
757 2758 839 2836 Ergo
850 2761 885 2820 ut
895 2760 1004 2821 ordine
1014 2779 1123 2841 prooe-

193 2851 355 2913 demusin
377 2850 614 2929 tractationem,
635 2867 706 2910 eam
730 2850 958 2931 distinguemus
986 2853 1018 2914 in
1043 2853 1123 2916 duos

193 2943 419 3026 paragraphos,
435 2961 568 3024 quorum
579 2942 716 3023 primum
726 2943 785 3004 erit
797 2944 835 3004 de
847 2945 919 3025 jure
931 2945 1037 3009 divino
1052 2952 1124 3010 tan-

193 3057 289 3120 quam
312 3037 397 3099 fonte
425 3035 690 3115 interpretationis
729 3036 902 3117 canonicae,
929 3041 1063 3102 alterum
1082 3040 1122 3110 da

190 3133 261 3212 jura
276 3132 415 3194 humano
431 3129 614 3192 subendam
630 3133 773 3209 respectu
789 3131 998 3195 considerato.

191 3303 202 3357 ς
216 3305 233 3346 Ι.
247 3313 278 3344 nr
297 3311 361 3347 ann}
373 3315 457 3348 nivino
470 3311 595 3356 opinans
609 3313 649 3345 aar
669 3313 727 3346 roae
743 3313 978 3350 inunmerarroum
994 3316 1124 3354 summ.

198 3507 201 3514 Δ
233 3438 271 3497 ΙΙ.
295 3437 351 3498 Jus
365 3436 505 3498 divinum
517 3435 567 3499 vel
582 3438 772 3514 porrectam
785 3438 941 3501 rationem
954 3440 1123 3524 unicuique

196 3525 357 3592 hominum
372 3527 549 3592 intimatum
564 3532 620 3606 est,
638 3529 688 3589 vel
708 3531 937 3612 supernaturali
953 3533 1007 3595 Dei
1033 3553 1124 3630 reve:
