2484 4016
364 273 564 328 ora-ommno
584 277 667 328 runis
688 277 844 328 cruorum.
1017 265 1076 330 ΜΒ

143 424 352 487 contraxisset
374 425 414 486 ab
433 425 543 487 ordine
572 443 661 488 sacro
688 426 919 506 deponebatur,
945 424 1001 486 sed
1035 425 1076 488 ab

143 537 244 580 uxore
257 521 389 597 accepta
402 537 464 580 non
477 519 676 581 dividebatur
689 566 697 597 ,
718 519 852 599 ideoque
866 518 1077 580 sustinebatur

142 615 297 691 tanquam
308 611 447 672 validum
458 612 569 674 initum
581 613 826 675 matrimonium.
839 614 881 674 At
891 629 963 673 saec.
976 613 1043 688 XII,
1057 630 1079 674 a

144 704 278 766 concilio
292 706 495 766 Lateraneusi
514 705 626 783 primo,
645 705 734 787 cujus
754 706 880 767 decreta
899 706 1077 767 referuntur

143 817 164 857 a
177 797 325 859 Gratiano
345 797 431 876 (Gau.
454 814 522 876 vru,
548 798 619 861 dist.
637 799 699 879 2⁸1),
721 799 798 861 ordo
817 817 907 860 sacer
924 802 1076 879 tanquam

143 890 406 970 impedimentum
419 891 568 954 dirimens
584 892 726 954 habitum
739 899 796 970 cst,
814 895 874 954 etc.

185 983 246 1044 Sed
260 983 344 1062 apud
357 984 531 1047 Orientales
545 985 718 1047 hodiedum
732 985 904 1066 ambigitur
916 1003 957 1046 an
966 984 1076 1047 isthmo

144 1075 315 1155 prohibitio
334 1077 464 1137 ineundi
481 1079 718 1140 matrimonium
732 1079 880 1158 importet
894 1077 1077 1157 simpliciter

144 1173 234 1230 actus
259 1168 476 1230 illioitudinem
497 1171 654 1232 ueletiam
675 1173 860 1234 nullitatem.
882 1171 969 1236 Licet
993 1170 1077 1232 euim

143 1263 292 1342 gencrale
316 1263 464 1342 adagium
483 1264 523 1327 sit
539 1265 624 1344 qued
644 1265 676 1325 id
690 1265 774 1345 quod
785 1267 896 1327 contra
908 1265 1012 1343 legem
1026 1265 1074 1341 fit,

144 1355 269 1417 irritum
279 1354 319 1416 sit
329 1357 594 1434 praesumendum,
608 1361 715 1419 tamen
725 1356 906 1420 favorabilis
921 1363 968 1418 cst
981 1357 1077 1418 causa

142 1448 336 1528 nuptiarum,
353 1449 432 1510 adeo
446 1449 522 1510 utin
535 1469 573 1511 ea
587 1451 648 1513 hcc
660 1469 722 1512 nou
735 1439 861 1512 utamus
871 1449 1036 1530 principio,
1045 1455 1077 1510 ct

142 1540 195 1600 lox
203 1538 328 1602 irritans
339 1559 401 1602 nou
419 1549 578 1619 censetur,
599 1543 657 1605 nisi
676 1543 802 1604 irritans
821 1546 907 1604 certo
929 1543 1077 1603 demons-

142 1635 255 1695 tretur.
271 1634 452 1714 etquidem
466 1634 608 1714 pluribus
621 1635 738 1715 placuit
749 1635 904 1697 sententia
914 1633 1078 1716 (Benedic-

139 1729 191 1788 tus
206 1728 286 1804 xlv,
301 1735 399 1789 const.
421 1727 469 1788 Eo
488 1727 641 1810 quamvis),
659 1747 729 1809 quae
742 1731 828 1790 tenet
839 1727 1076 1790 matrimonium

141 1823 338 1880 contractum
349 1824 420 1899 post
432 1821 557 1883 ordines
572 1840 688 1898 sacron,
701 1820 733 1881 in
747 1821 888 1883 Ecclesia
902 1839 1006 1902 graeea
1019 1820 1077 1881 illi·

141 1913 240 1975 citum
255 1913 393 1993 quidem,
409 1914 464 1974 scd
476 1914 617 1976 validum
631 1931 718 1992 esse,
734 1914 807 1977 licet
819 1914 920 1976 dietus
934 1913 1076 1976 Pontifex

139 2006 302 2068 insinuare
319 2007 464 2068 videatur
476 2007 668 2069 contrariam
680 2007 867 2070 sententiam
882 2009 987 2088 prouti
1006 2025 1076 2087 quac

140 2100 223 2178 stylo
238 2094 400 2160 sacrarum
415 2100 696 2180 congregationum
708 2101 748 2162 sit
761 2101 862 2182 magis
884 2100 1073 2176 conformis,

140 2193 306 2274 magisque
329 2193 436 2254 innixa
454 2193 594 2268 veritali;
622 2194 672 2255 cui
698 2193 793 2257 etiam
810 2195 973 2258 sententia
992 2193 1078 2255 favet

140 2285 202 2346 hoc
217 2288 439 2366 argumentum
449 2286 605 2368 quodjam
617 2291 788 2366 atempore
797 2288 965 2352 iustiniani
978 2287 1076 2367 impc-

140 2379 255 2442 r'atoris
271 2379 355 2458 (nov.
385 2377 435 2458 25)
449 2381 529 2440 tales
552 2379 669 2458 nuptiae
686 2383 837 2459 tanquam
865 2380 993 2441 nefariae
1011 2383 1076 2442 tra-

141 2473 270 2548 duntur,
298 2475 329 2535 et
340 2473 397 2532 filii
415 2471 529 2533 axillis
549 2473 613 2534 nati
630 2472 783 2552 illegitimi
806 2473 972 2546 habentur,
981 2473 1077 2552 juxto

140 2585 174 2626 aa
185 2583 251 2646 quoe
262 2553 353 2624 serris
364 2565 425 2626 viso
438 2573 506 2626 scot
519 2565 684 2627 canonibus.
702 2565 792 2629 Unde
808 2563 936 2626 deducit
952 2564 1075 2644 jamdiu

141 2662 316 2736 atemporc
334 2658 501 2720 iustiniani
525 2659 723 2738 imperatoris
747 2659 871 2737 nuptias
894 2656 1074 2738 hujusmodi

38 2787 44 2798 ·
139 2755 293 2830 tauquam
308 2750 409 2812 nullas
420 2757 451 2812 et
464 2751 569 2824 irritas
583 2751 706 2813 habitas
718 2751 824 2814 fuisse.

181 2846 300 2908 Verum
314 2829 374 2905 hoe
392 2843 524 2906 dubium
539 2844 623 2925 quod
637 2845 748 2906 adesse
762 2848 866 2925 potest
878 2845 982 2926 quoad
996 2860 1075 2924 gree·

141 2956 193 2999 cos
207 2938 380 3015 ministros
397 2956 460 2999 non
471 2937 557 3017 ‘viget
566 2956 623 3016 pro
639 2939 859 3016 Itale-Gracia,
873 2938 973 3019 quiin
987 2938 1074 3000 Cala·

140 3031 207 3091 bria
223 3031 297 3092 ctiu
310 3031 416 3092 Sicilia
430 3033 675 3092 commorantur.
696 3033 774 3092 Cum
789 3031 873 3092 enim
893 3031 1003 3092 deceat
1021 3047 1074 3092 eos

141 3124 193 3203 qui
218 3123 251 3184 in
276 3124 418 3202 partibus
440 3123 553 3186 uostris
576 3129 760 3201 versantur,
782 3122 953 3204 disciplinae
979 3122 1074 3184 etiam

140 3220 256 3279 nostrae
266 3217 367 3296 magis
379 3235 447 3278 esse
462 3217 648 3293 conformes,
662 3235 702 3276 ne
718 3217 784 3277 vita
800 3216 939 3294 ipsorum
959 3215 1073 3278 nostris

140 3310 325 3372 scandalum
332 3309 455 3388 pariat,
472 3309 569 3372 tradit
579 3309 768 3371 Benedictus
780 3310 864 3385 XIV,
886 3314 985 3370 const.
1002 3308 1076 3370 Etsi

136 3403 306 3483 pastorales,
321 3403 339 3482 ᾗ
355 3407 384 3479 7,
396 3473 398 3477 ,
411 3403 496 3482 quod
515 3402 539 3464 si
569 3395 637 3481 quis
662 3400 883 3478 subdiaconum
908 3400 1070 3479 diaeonus,

139 3495 315 3575 presbyter,
343 3498 414 3575 post
441 3511 566 3558 sacrum
590 3492 732 3558 ordinem
755 3511 886 3556 uxorem
909 3493 1007 3572 duxit,
1033 3495 1073 3556 sit
