2546 4016
172 243 229 306 lot
376 255 609 303 msrrrnrmnns
629 255 712 302 rums
734 253 888 302 circumi.

170 399 285 478 niensi,
305 417 441 480 moxque
461 399 494 460 in
513 401 612 461 totam
631 399 803 476 Europam,
815 386 1012 475 divulgatum
1031 396 1114 460 luit.

171 497 218 556 lta
231 496 387 556 retentum
410 496 458 554 est
470 495 622 572 tanquam
634 491 733 552 codex
738 489 829 570 juxta
841 508 935 569 quem
943 489 996 570 jus
1008 491 1118 552 doce-

171 588 257 648 retur
270 586 302 646 in
312 585 438 661 scholis,
456 603 493 645 ac
505 583 690 644 redderetur
703 583 735 643 in
748 583 826 643 foro.

212 680 264 741 IV.
290 678 351 741 Sed
366 697 445 757 opus
453 676 590 739 Gratiani
603 693 666 738 non
676 679 743 738 erat
752 675 791 736 de
804 677 917 736 natura
926 693 985 736 sua
1002 676 1113 740 codex

173 774 294 851 legum3
312 775 380 832 erat
393 770 496 849 potius
524 788 602 848 opus
628 768 852 841 scientificum
878 785 941 829 non
956 772 1025 830 erat
1048 769 1111 850 jus

174 865 291 943 ipsum,
304 863 359 924 sed
372 863 475 942 potius
492 881 570 941 opus
583 862 666 924 circa
687 861 739 941 jus
758 860 962 922 elaboratum.
980 864 1022 925 Ut
1044 863 1108 924 hu-

169 956 309 1039 jusmodi
325 974 402 1035 opus
415 955 572 1034 acciperet
587 955 720 1016 formam
733 953 895 1034 cujusdam
908 953 1106 1016 collectionis

170 1067 333 1111 sacrorum
361 1067 533 1125 canonum,
564 1048 624 1108 hoo
649 1047 811 1127 praestavit
826 1115 828 1118 ,
843 1065 977 1127 sequens
1010 1051 1100 1110 aetas.

170 1141 496 1203 Nomineditionibus
511 1141 628 1202 decreti
651 1139 799 1216 Gratiani,
822 1139 973 1202 distinctis
994 1159 1102 1202 carac-

169 1233 307 1309 teribus,
335 1231 544 1313 distinctoque
577 1232 733 1294 scribendi
767 1231 896 1309 ordine,
927 1232 1102 1296 diviserunt

171 1326 396 1388 commentaria
422 1325 560 1388 Gratiani
585 1326 626 1388 nb
653 1324 728 1405 ipsis
758 1342 828 1404 quaa
853 1325 963 1402 refert,
989 1343 1101 1388 monu-

172 1419 296 1482 mentis·

213 1513 289 1574 lude
300 1515 504 1575 monumenta
516 1531 537 1574 a
552 1512 697 1576 Gratiano
711 1510 842 1573 collecta
852 1514 1004 1592 tanquam
1020 1511 1100 1592 legis

169 1609 272 1668 textus
291 1605 468 1685 allegarunt
480 1624 537 1685 per
557 1605 654 1667 verba
669 1603 800 1665 initialia
814 1622 980 1666 canonum.
1007 1608 1098 1667 Ganr-

171 1698 325 1761 mentaria
354 1698 491 1760 Gratiani
515 1697 623 1760 habita
652 1701 725 1760 aunt
747 1699 907 1778 tanquam
921 1697 1098 1759 doctrinam

172 1791 341 1870 magistris
354 1809 416 1871 qua
427 1790 514 1852 nefas
527 1790 586 1852 fuit
596 1790 769 1851 discedere.

212 1885 365 1944 successu
379 1882 538 1960 temporie,
553 1886 720 1962 postquam
740 1882 891 1944 Antonius
905 1881 1044 1960 contiuo,
1066 1887 1098 1946 et

169 1974 397 2050 DemochareS,
429 1975 572 2036 doctores
598 1975 688 2055 galli,
719 1979 809 2038 notas
834 1976 1011 2036 numerales
1039 1976 1096 2036 ad-

165 2065 337 2148 junxerunt
354 2065 484 2146 singulis
505 2069 750 2130 monumentisa
776 2067 922 2129 Gratiano
942 2068 1090 2147 collectis,

168 2163 242 2221 tunc
251 2177 314 2220 nou
326 2160 459 2239 amplius
470 2178 528 2240 per
541 2161 639 2222 verba
653 2161 794 2237 initialia,
807 2161 863 2224 sed
876 2179 934 2238 per
946 2179 1095 2223 numeros

167 2250 392 2329 respondentes
424 2253 555 2331 singulis
579 2253 789 2315 monumentis
817 2253 913 2314 citata
939 2271 1097 2316 usuvene-

167 2345 253 2416 runt3
271 2343 355 2424 quod
365 2345 480 2406 saeculo
496 2347 578 2409 XVl⁰
588 2346 712 2408 accidit.

206 2437 243 2498 V.
253 2435 380 2497 Interim
390 2437 540 2500 distinctis
551 2438 699 2501 doctrinis
707 2437 1095 2502 Gratianiamonumentis

166 2546 221 2589 seu
232 2529 403 2592 canonibus
418 2531 523 2592 abillo
543 2532 659 2608 relaba,
678 2531 793 2592 sensim
807 2532 987 2592 decrescere
1000 2532 1096 2612 coepit

167 2621 356 2684 collectionis
386 2623 555 2702 gratianeaa
584 2623 781 2686 existimatio.
809 2625 867 2696 Qui
891 2624 974 2684 enim
1002 2629 1095 2686 antea

166 2715 372 2791 erubuissent,
388 2734 427 2776 nc
441 2717 505 2777 lata
520 2715 646 2797 quidem
665 2736 781 2796 ungue,
802 2717 961 2778 discedere
982 2737 1001 2778 a
1020 2717 1095 2779 doc-
1212 2749 1214 2753 v

165 2805 247 2867 trina
269 2807 416 2883 Gratiani,
435 2807 547 2868 deinde
563 2808 644 2870 hanc
655 2810 831 2871 doctrinam
845 2802 1011 2888 coeperunt
1022 2809 1094 2892 reji-

165 2901 397 2979 ceretauquam
411 2900 556 2962 adultiori
579 2901 716 2964 scientiae
732 2920 794 2962 nou
816 2901 950 2982 amplius
971 2921 1094 2965 accom-

163 2993 301 3053 modata.
316 2991 396 3064 Quin
408 2993 488 3055 etde
500 2993 631 3058 veritate
640 2998 915 3056 monumentorum
925 2995 957 3057 in
967 2996 1092 3058 decreto

164 3085 330 3148 allatorum
342 3085 509 3167 aliquando
522 3087 638 3167 incepit
647 3087 721 3150 oriri
737 3087 900 3150 dubitatio.

204 3177 268 3238 Sub
295 3179 355 3240 hoc
379 3180 521 3240 examine
547 3181 637 3259 plura
668 3184 873 3243 monumenta
896 3183 1090 3261 apocrypha,

163 3267 351 3347 interpolata
369 3273 418 3332 vel
439 3277 587 3352 corrupta
607 3277 734 3353 reperta
752 3279 834 3336 sunt.
849 3273 925 3336 lude
947 3275 1052 3338 statim
1073 3293 1093 3335 a

164 3360 262 3422 doctis
277 3363 481 3426 reclamatum
492 3370 538 3427 ast
550 3369 584 3428 ut
602 3368 823 3429 emendaretur
841 3386 920 3446 opus
939 3367 1088 3431 Gratiani.

165 3453 227 3514 Sed
239 3471 289 3515 res
300 3472 455 3516 summam
467 3459 666 3535 prudentiam
679 3459 839 3539 exigebat;
852 3477 926 3520 nam
940 3460 965 3522 ai
979 3479 1017 3522 cx
1028 3479 1092 3522 una
