2546 4016
371 296 481 344 roaros
504 299 657 344 sinemus
678 299 761 345 runis
788 297 943 345 errorum.
1067 284 1123 346 lar

189 445 248 502 1¹¹³
265 441 303 502 de
318 441 455 521 regulis,
470 447 524 502 2⁰¹⁶
536 444 576 504 de
590 444 726 505 tontibus
737 491 744 522 ‚
757 447 811 505 3⁰¹⁰
825 445 865 504 de
880 442 1047 506 sholastica
1058 462 1125 504 me-
1235 504 1239 518 ‚

187 533 287 595 thodo
303 534 486 596 doctrinalis
498 535 764 615 interpretationis
780 555 940 599 sacrorum
955 555 1121 598 sanonum.

499 731 628 792 CAPUT
650 729 817 792 PRIMUM.

393 881 443 950 *DE
465 879 590 924 REGULIS
611 879 913 926 INTERPRETATIONIS.

228 1014 252 1072 Ι.
286 1013 418 1073 Summa
444 1013 538 1074 totius
567 1013 646 1092 legis
672 1017 719 1076 est
740 1015 885 1076 voluntas
910 1014 1120 1094 legislatoris:

193 1126 207 1161 n
223 1105 247 1164 is
269 1105 346 1164 enim
359 1113 460 1164 contro
475 1107 566 1186 legem
584 1107 750 1184 committit,
768 1111 803 1169 ut
816 1107 860 1168 ait
873 1127 940 1188 reg.
958 1111 996 1170 88
1010 1107 1042 1166 in
1058 1109 1121 1184 Vl⁰,

188 1197 337 1278 quivertm
351 1198 423 1278 tegis
444 1201 642 1279 emoptertem,
659 1207 761 1260 contro
775 1200 846 1280 tegis
865 1201 974 1260 nititur
992 1201 1124 1262 volunta-

189 1298 257 1351 tem.
285 1313 300 1348 n
325 1291 407 1370 Ergo
441 1295 489 1353 tot
522 1297 594 1354 suut
624 1293 741 1372 regulae
768 1293 994 1371 interpretandi
1021 1293 1121 1374 juris,

189 1387 266 1462 quot
280 1386 353 1444 sunt
366 1383 482 1445 indicia
499 1385 539 1446 ad
554 1386 807 1464 praesumendam
823 1385 854 1444 in
872 1386 967 1447 dubio
982 1386 1123 1446 volunta-

188 1479 254 1537 tem
266 1476 463 1555 legislatoris.

230 1569 293 1631 Sed
307 1571 450 1632 voluntas
471 1571 657 1650 legislatoris
680 1575 783 1650 potest
805 1571 970 1650 duplioiter
984 1572 1124 1632 conside·

187 1661 264 1738 rari,
282 1681 394 1740 nempe
410 1664 460 1723 vel
472 1663 504 1722 in
515 1664 645 1742 singulis
657 1664 738 1744 juris
752 1663 1016 1742 dispositionibus
1027 1663 1076 1723 vel
1091 1663 1122 1722 in

189 1754 327 1833 plurium
340 1755 447 1834 legum
462 1775 517 1816 seu
538 1755 778 1834 dispositionum
794 1755 950 1817 oontliotu.
965 1758 1048 1834 Ergo
1063 1755 1123 1816 hoo

189 1851 284 1925 eaput
298 1848 738 1927 deregulisinterpretationis
747 1848 905 1910 eanonioae
915 1847 1124 1909 subdividitur

188 1939 222 1999 in
236 1940 315 2000 duos
327 1940 490 2013 aniculam
507 1945 549 2002 lu*
559 1946 631 2020 aget
642 1943 680 2002 de
691 1942 808 2020 regulis
824 1941 863 2002 ad
877 1942 1123 2021 depromendam

188 2032 754 2113 legislatorisvolunteteminsingulis
763 2025 1018 2113 dispositionibus
1025 2035 1120 2115 jurls3

190 2126 271 2186 alter
284 2144 371 2203 vero,
388 2127 426 2187 de
441 2127 557 2206 regulis
575 2128 614 2186 ad
638 2127 864 2188 desumendem
878 2127 960 2187 illius
979 2128 1123 2188 volunta-

123 2245 128 2252 ·
191 2222 257 2278 tem
275 2219 305 2277 in
320 2218 456 2297 plurium
467 2220 574 2298 legum
588 2239 643 2280 seu
658 2220 897 2298 dispositionum
910 2220 1066 2281 oontliotu.

498 2351 680 2442 llR'l‘lCULUS¹
697 2391 826 2442 PRIMUS.

193 2541 226 2579 DE
239 2541 350 2580 REGULIS
372 2542 407 2580 Au
431 2542 610 2580 DESUMENDAM
636 2541 824 2580 LEGISLATORIS
842 2543 1014 2582 VOLUNTATEM
1029 2544 1056 2581 ΙΝ
1069 2543 1129 2591 ΞΙΝή

442 2618 521 2656 GULIS
536 2618 763 2656 DISPOSITIONIBUS
779 2618 861 2656 tuuis·

232 2749 401 2808 Possumus
423 2749 559 2829 quinque
584 2752 720 2812 statuere
748 2749 945 2810 theoremata
972 2751 1122 2828 tanquam

192 2840 356 2919 principia,
378 2859 433 2902 seu
452 2843 569 2920 regulae
584 2842 747 2921 generales
765 2861 834 2922 quae
859 2843 1073 2904 demonstrent
1090 2843 1122 2902 in

193 2933 288 2994 dubio
303 2934 498 2997 voluntatem
510 2935 706 3014 legislatoris.
817 2995 820 2999 .

232 3027 269 3086 ΙΙ.
286 3026 516 3088 lrwtneorema.
540 3026 676 3087 Voluntas
688 3023 862 3108 legislatoris
876 3047 1023 3109 oooqtmm
1040 3045 1122 3106 pro·

192 3119 318 3180 sumitur
334 3119 439 3194 imonis,
451 3120 551 3194 otioso,
565 3119 689 3197 inutilis,
700 3121 816 3195 lascivo,
826 3121 917 3200 impio
930 3121 976 3182 vel
983 3119 1117 3196 absurdo.

233 3211 372 3273 Rationis
387 3212 470 3272 enim
484 3211 637 3274 ordinatio
652 3213 702 3272 lex
718 3216 774 3274 est.
792 3215 854 3274 Aut
869 3231 943 3292 ergo
955 3213 1017 3274 dioi
1028 3213 1122 3276 dehet

192 3303 403 3381 legislatorem
414 3305 551 3366 noluisse
560 3305 672 3384 legem,
687 3306 812 3384 quando
824 3325 894 3378 eam
905 3307 1053 3384 condidit,
1068 3311 1122 3369 aut

194 3395 362 3456 dicendum
387 3401 433 3458 est
456 3398 554 3475 utilia,
574 3398 660 3478 juste
682 3417 718 3458 ao
740 3397 900 3477 possibilia
921 3401 1117 3479 praecepisse.

194 3487 437 3550 iurisconsultus
469 3494 574 3551 autern
593 3492 645 3571 qui
668 3494 730 3554 stat
752 3510 808 3571 pro
829 3493 907 3572 legis
930 3492 1073 3555 custodia
1091 3495 1122 3552 et

1004 3597 1033 3650 8.
