2512 4012
188 289 246 350 208
274 366 276 370 V
400 301 628 348 lnsrlrnrlonas
649 303 731 348 runls
753 302 907 349 eanonlcl

189 443 373 527 episcopalis
388 443 524 522 dignitas
539 443 686 523 alligatur
688 463 751 506 ‚eo
764 445 830 523 ipso
846 443 1038 568 patriarcha,
1056 442 1124 523 pri-

189 558 257 600 mas
266 539 316 600 vel
329 537 527 616 metropolita
540 541 597 598 est.

229 635 292 692 Nec
312 632 402 692 obsta
402 634 415 692 t
435 630 519 710 quod
542 630 634 692 statui
636 634 698 708 tur,
715 650 779 711 cop.
801 634 831 708 3,
852 629 886 690 de
910 637 1010 690 ascet
1024 637 1124 691 aucto-

190 726 278 785 ritate
289 723 392 805 pallii,
410 723 494 803 quod
509 723 762 802 archiepiscopus
781 726 852 784 ante
867 723 952 801 pallii
966 724 1124 803 receptio-

189 837 262 878 nem
291 835 349 877 nec
373 814 599 893 archiepiscopi
624 835 739 876 nomen
754 815 851 894 possit
872 835 1047 889 assumere3
1072 817 1125 876 vel

191 911 275 991 quod
292 910 441 985 habetur,
466 927 529 988 cop.
554 911 607 985 28,
625 907 660 969 de
679 908 833 986 electione,
855 909 939 988 quod
953 909 1124 988 archiepis-

191 1022 288 1082 copus
305 1005 378 1063 ante
398 1000 482 1078 pallii
504 1001 716 1083 receptionem
736 1021 794 1062 nec
811 1002 916 1080 pluras
938 1002 1035 1081 possit
1052 1021 1124 1080 per·
1209 1035 1214 1042 ·
1238 1015 1239 1024 ¹

191 1115 285 1175 agere
307 1093 481 1154 functiones
497 1093 614 1154 ordinis
633 1095 833 1174 episcopalis,
855 1095 944 1156 sicuti
967 1095 1123 1156 ordinatio

192 1188 387 1263 clericorum,
409 1186 561 1249 confectio
581 1187 767 1265 chrismatis,
790 1188 916 1268 synodis
937 1183 1123 1248 dioecesana

192 1278 385 1342 convocatio.
404 1281 483 1339 Nam
498 1281 602 1358 quoad
609 1281 753 1360 primunr,
768 1299 830 1341 non
842 1281 912 1342 ideo
927 1280 1125 1342 interdicitur

193 1391 307 1434 nomen
326 1371 551 1451 archiepiscopi
571 1377 724 1452 quatenus
744 1377 815 1435 ante
834 1374 935 1452 ipsam
950 1373 1036 1451 pallii
1056 1392 1125 1433 sus-

132 1489 136 1495 ·
193 1466 369 1546 ceptionem
396 1465 488 1543 plura
515 1465 580 1544 agit
593 1467 643 1526 vel
662 1484 756 1545 agere
782 1470 884 1544 potest
901 1484 970 1545 qua
997 1466 1125 1545 propria

194 1562 266 1620 sunt
285 1547 534 1636 metropolitana
561 1557 798 1637 jurisdictionis,
819 1578 850 1619 v.
873 1579 904 1637 g.
930 1558 1125 1619 committere

195 1653 262 1714 aliis
285 1651 437 1729 episcopis
457 1651 675 1730 episcoporum
695 1652 980 1724 consecrationem
999 1651 1054 1710 sed
1076 1670 1134 1711 sos

193 1745 354 1806 lummodo
369 1743 421 1804 hic
437 1743 545 1805 titulus
566 1743 763 1806 interdicitur
775 1747 810 1804 ut
827 1745 937 1804 arrhae
951 1744 1126 1823 privatione

195 1840 359 1899 moveatur
374 1837 415 1897 ad
436 1837 607 1915 petendum
622 1836 763 1914 pallium,
785 1837 869 1916 quod
895 1837 1016 1916 dejure
1034 1837 1128 1897 debet

196 1931 285 1990 enixe
303 1929 464 2006 implorari
480 1929 562 1990 intra
588 1932 651 1990 tres
674 1948 808 2006 mensae,
827 1933 861 1991 ut
885 1929 930 1989 sic
944 1929 1127 1989 recordetur

196 2022 366 2084 vicariatus
382 2022 545 2099 apostolici
562 2041 655 2101 quem
673 2023 813 2083 sustinet.
913 2016 916 2022 ’

236 2114 345 2188 Quoad
364 2113 529 2191 secandam,
558 2114 618 2174 illa
637 2114 812 2176 functiones
841 2114 1033 2193 episcopales
1055 2114 1126 2176 ideo

195 2207 425 2269 interdicuntur
438 2207 513 2286 quia
533 2207 564 2266 in
584 2207 643 2267 illis
660 2208 822 2268 celebrans
840 2207 884 2268 uti
902 2207 997 2268 dehet
1019 2207 1125 2286 pahio‚

195 2304 346 2379 tanquam
358 2300 586 2378 complemento
602 2299 736 2360 vestium
748 2300 984 2378 pontificalium.

235 2396 266 2454 5⁰
281 2393 356 2452 Haec
369 2391 555 2472 jurisdictio,
578 2392 650 2452 licet
672 2393 834 2453 adhaereat
848 2393 961 2470 officio,
979 2392 1042 2454 imo
1061 2393 1129 2453 alli-

196 2489 270 2566 gata
284 2484 323 2547 sit
334 2485 411 2562 sedi,
424 2503 486 2546 non
505 2489 552 2546 est
565 2489 671 2546 tamen
684 2485 853 2546 auctoritas
867 2485 1028 2563 regiminis
1044 2485 1129 2546 ordi-

198 2578 288 2656 narii,
303 2578 480 2657 pastoralis,
500 2577 682 2639 immediati.
705 2579 784 2637 Nam
798 2577 988 2656 patriarcha,
1010 2579 1129 2657 primas

197 2672 247 2732 vel
261 2671 513 2748 archiepiscopus
535 2689 597 2730 non
617 2673 663 2730 est
685 2669 849 2749 episcopus
864 2671 913 2731 vel
925 2674 1033 2749 pastor
1044 2669 1130 2730 ordi-

197 2763 303 2822 narius
324 2763 419 2823 totius
432 2762 673 2841 patriarchatus
689 2763 843 2841 primatia
859 2764 909 2824 vel
924 2763 1130 2843 archiepisco-

197 2857 288 2934 patus
298 2853 357 2914 sihi
372 2854 538 2915 commissi.
557 2855 617 2916 Sed
638 2855 669 2914 in
690 2860 841 2934 quantum
859 2854 941 2916 illius
959 2857 1129 2918 auctoritas

198 2946 375 3009 extenditur
388 2950 475 3008 extra
492 2947 606 3009 limites
626 2947 797 3010 dioeceseos
818 2949 876 3010 sihi
884 2948 1081 3028 assignatae,
1098 2949 1129 3008 in

198 3061 261 3122 qua
272 3059 346 3102 vere
361 3043 392 3102 et
404 3041 530 3119 proprie
540 3044 691 3121 tanquam
706 3041 883 3102 ordinarius
894 3045 1001 3121 pastor
1015 3043 1130 3104 hahen-

102 3172 105 3180 ·
198 3135 256 3196 dus
271 3137 327 3211 est,
343 3135 411 3196 haec
427 3133 596 3194 auctoritas
612 3136 658 3195 est
671 3133 819 3211 mediata,
836 3153 932 3196 merae
947 3135 1128 3215 vigilantia,
1238 3190 1239 3204 ,

199 3245 268 3306 quae
290 3227 322 3287 in
337 3227 461 3288 casibus
476 3225 730 3293 extraordinariis
752 3227 934 3306 imponitur,
949 3227 1002 3288 ubi
1018 3247 1131 3306 nempe
1203 3293 1206 3298 Δ

198 3319 338 3380 curanda
348 3321 388 3383 sit
398 3320 501 3381 unitas
515 3319 726 3380 Ecclesiarum
737 3320 881 3398 nationis,
894 3322 983 3400 regni
998 3323 1049 3382 vel
1062 3339 1131 3401 pro·

136 3410 138 3415 ’
198 3411 319 3487 vinciae,
335 3413 385 3474 vel
404 3413 456 3474 ubi
472 3411 635 3491 supplendi
651 3412 714 3473 sint
728 3412 867 3474 defectus
882 3414 932 3474 vel
952 3413 1131 3494 corrigendi

200 3522 344 3564 excessus
359 3505 639 3580 suffraganeorum,
655 3506 713 3564 etc.
