2546 4016
343 295 452 342 aomos
474 295 625 344 arnonus
645 295 727 342 nnis
750 295 904 342 oenomai.
1030 281 1084 343 lul

157 437 209 499 rel
219 438 358 518 probitas
366 439 551 517 collectoris,
563 441 682 501 nullam
691 457 819 518 prorsus
829 439 1085 514 mercturlldem;

157 535 325 610 propterea
346 537 551 594 monumenta
577 533 620 594 ibi
646 533 800 594 recensita
828 537 951 595 tantum
982 533 1088 594 valent

157 627 310 702 quantum
329 625 368 684 de
385 645 419 685 se
438 626 543 686 valere
564 626 768 704 perhibentur
782 626 807 686 si
820 645 883 687 uon
896 626 1027 687 fuissent
1046 625 1087 687 ab

156 716 276 778 Isidoro
292 719 439 791 collecta3
459 719 531 778 inde
551 720 636 779 nulla
658 718 775 780 mentio
799 719 866 779 fieri
888 717 981 780 debet
1005 717 1086 779 tituli

155 807 217 869 illis
232 828 251 869 a
267 810 520 888 pseudo-Isidoro
536 811 680 890 oppositi.

198 900 297 963 Conon
306 905 343 964 lI.
356 903 590 965 Existimatione
599 908 705 966 tamen
714 904 855 983 inspecta
867 921 929 983 qua
939 902 970 963 in
982 904 1087 964 Ecclc-
1169 925 1181 954 0

156 994 205 1054 sia
222 995 317 1056 latina
337 996 478 1058 collectio
500 996 558 1058 luit
576 999 724 1075 recepta,
748 1001 952 1058 monumenta
971 1015 1041 1075 quae
1054 996 1085 1054 in

156 1105 197 1148 ea
212 1093 424 1165 recensentur,
440 1107 502 1150 non
515 1089 642 1169 quidem
657 1089 687 1150 vi
700 1089 884 1167 collectoris,
899 1090 954 1150 sed
968 1088 998 1148 vi
1012 1106 1086 1149 auc-

157 1181 289 1242 toritatis
304 1181 452 1243 Ecclesiae
466 1201 535 1262 quae
548 1181 602 1243 illa
616 1183 765 1261 probasse
778 1182 1085 1261 perhibetur,legum

158 1273 297 1336 obtinent
311 1275 540 1338 auctoritatem.

525 1433 655 1495 CAPUT
677 1435 714 1494 ll.

475 1607 517 1651 un
544 1608 636 1652 sunu
673 1607 782 1653 novo.

194 1751 273 1812 Novi
277 1750 357 1832 juris
365 1751 640 1830 collectioneS‚pro
649 1750 886 1812 diversaiudole
896 1769 952 1811 seu
960 1749 1085 1812 diversa

156 1845 254 1905 forma
271 1863 367 1924 quam
391 1863 456 1922 prae
480 1865 512 1905 se
538 1845 657 1920 ferunt,
681 1844 883 1905 videaturad
903 1844 965 1904 duo
981 1843 1085 1923 capita

157 1937 319 1998 commode
335 1938 475 1998 revocari
488 1957 579 2016 posse
593 1959 599 1998 :
613 1939 745 1998 alterurn
760 1956 872 2015 nempe
888 1937 972 2016 quod
987 1936 1026 1998 sit
1044 1937 1083 1997 de

155 2030 337 2092 collectione
349 2031 403 2090 illa
417 2050 512 2110 quam
526 2033 640 2092 vocant
652 2031 820 2092 canonistae
837 2030 991 2091 Decretum
1009 2029 1084 2092 Gro-

158 2124 233 2184 tioni
239 2172 248 2198 ,
261 2143 331 2203 quae
347 2124 487 2185 collectio
508 2124 590 2185 hanc
604 2124 776 2184 secundam
788 2124 953 2202 periodum
964 2123 1080 2201 aperit;

156 2217 290 2278 alterum
317 2221 365 2278 est
382 2217 417 2278 dc
443 2217 630 2277 decretalium
655 2216 885 2293 collectionibus,
906 2235 976 2295 quae
1002 2215 1084 2276 hanc

156 2309 321 2388 periodum
337 2329 356 2371 a
371 2310 517 2372 Gratiano
533 2310 704 2388 inceptam
717 2310 946 2370 concluserunt.

466 2463 643 2520 ARTICULUS
658 2463 783 2517 PRIMUS.

401 2609 440 2646 DE
469 2607 620 2648 DEGRETO
650 2607 821 2647 unimam.

195 2727 261 2787 Hoc
282 2743 473 2804 exponemus
490 2742 546 2803 pro
569 2743 656 2785 more
671 2724 761 2785 solito
781 2722 813 2784 iu
832 2724 912 2784 duos
935 2739 1084 2801 paragra-

156 2817 245 2896 pbos‚
265 2817 424 2897 inquibus
439 2818 557 2896 primus
573 2817 632 2878 erit
648 2817 686 2877 de
701 2816 847 2893 historia,
870 2815 1025 2877 secundus
1045 2815 1084 2878 de

157 2912 339 2974 auctoritate
354 2911 436 2971 illius
453 2910 653 2972 collectionis.

386 3081 400 3136 ἓ
416 3087 432 3126 l.
446 3093 477 3124 on
489 3091 591 3124 orcam
604 3051 722 3124 cainiani
735 3091 854 3124 auream.

195 3219 218 3279 l.
244 3216 409 3279 Gratianus
433 3215 526 3278 Clusii
554 3215 587 3275 in
610 3214 735 3276 Etruria
762 3216 853 3275 natus
885 3213 968 3273 circa
990 3214 1084 3274 finem

157 3311 261 3372 saeculi
277 3311 332 3372 llll
346 3310 397 3370 vel
410 3308 532 3370 initium
550 3310 630 3385 XIII,
646 3306 795 3369 Bononia
824 3306 966 3368 ordinem
985 3306 1084 3368 sancti

156 3403 316 3466 Benedicti
331 3403 500 3482 professus,
514 3401 593 3462 adeo
619 3399 728 3462 studiis
752 3399 967 3461 ecclesiastica
995 3398 1085 3460 disci-

157 3495 248 3574 plinae
269 3496 440 3558 delectatus
462 3497 519 3571 est,
541 3498 576 3556 ut
596 3493 628 3554 in
648 3492 769 3554 silentio
795 3491 975 3555 monasterii
994 3507 1085 3551 sanc-

510 3605 513 3614 .
949 3596 978 3649 6.
