2512 4012
154 233 210 293 192
361 240 588 288 rnsrlrunouas
610 241 692 286 runis
714 241 868 288 eruemur.

153 385 319 468 peculiari,
335 401 396 444 non
414 383 455 442 ad
471 382 504 442 id
519 387 566 443 cst
580 383 738 445 institutus
754 388 789 444 ut
807 402 919 462 nempe
939 389 1083 446 sucurrat

154 479 276 543 casibus
305 475 581 552 extraordinariis,
607 480 758 557 tanquam
786 477 956 538 auctoritas
982 478 1082 538 subsi-

154 572 268 648 diaria,
286 570 341 630 sed
359 568 400 628 ad
417 568 611 629 ordinarium
626 572 657 629 et
671 571 826 648 pastorale
847 570 1003 648 regimen,
1018 589 1082 630 res-

153 664 275 747 pective
297 661 414 722 scilicet
434 666 488 722 aut
506 661 651 724 Ecclesiae
674 662 873 738 universalis
894 665 948 724 aut
968 662 1082 724 dioece-

154 775 249 820 sanae.

193 850 283 913 Unde
298 847 465 908 ordinarius
481 847 595 908 dieitur
614 850 773 908 Romanus
788 847 930 908 Pontifex
945 866 1001 926 pro
1017 849 1082 909 uni-

154 942 267 1005 versali
290 941 447 1017 Ecclesia,
468 940 548 1000 sicut
567 943 598 1002 et
620 940 838 1019 episcopusin
862 959 919 1000 sua
943 940 1079 1002 dioecesi.

155 1036 245 1100 Unde
260 1019 374 1096 iteruni
389 1033 453 1094 sive
469 1035 609 1093 Romano
626 1033 769 1093 Pontifici
788 1051 844 1111 pro
867 1033 1013 1094 universa
1028 1036 1082 1094 Ec-

155 1129 260 1202 clesia,
278 1127 342 1186 sive
363 1125 516 1203 episcopis
538 1144 594 1203 pro
616 1143 674 1185 sua
697 1125 808 1205 cuique
832 1125 1013 1204 particulari
1028 1128 1082 1186 Ec-

156 1221 262 1295 clesia,
272 1237 310 1278 ea
320 1220 500 1298 competant
508 1217 613 1278 omnia
623 1237 750 1278 neeesse
760 1222 818 1294 est,
827 1237 897 1297 quae
909 1220 949 1278 ad
960 1219 1084 1297 plenum

155 1312 296 1392 regimen
311 1311 514 1390 requiruntur
529 1310 685 1372 societatis
704 1310 787 1371 illius
805 1310 893 1390 cujus
913 1312 1083 1389 respective

155 1410 294 1467 rectores
318 1404 463 1466 existunt.
488 1406 562 1464 Haec
592 1407 698 1465 autem
728 1403 789 1464 duc
819 1408 916 1464 sunt:
940 1404 1085 1464 ordinatio

156 1519 264 1575 rerum,
278 1502 309 1558 et
325 1497 471 1558 ordinatio
485 1516 677 1576 personarum
691 1497 723 1556 in
737 1497 832 1556 finem
852 1497 992 1558 societati
1008 1515 1084 1575 prae-

156 1594 309 1654 stitutum.
332 1591 421 1653 Unde
447 1590 571 1668 utrique
597 1589 708 1668 gradui
737 1589 910 1667 respective
937 1590 1084 1668 competit

156 1689 224 1746 tum
237 1683 407 1744 oeconmnico
419 1686 486 1743 tum
497 1681 689 1761 puberocrtvc
702 1685 850 1760 potestaS,
866 1685 924 1742 etc.

120 1795 124 1803 ·
195 1783 229 1838 4⁰
244 1777 379 1838 Directio
393 1795 448 1836 seu
463 1774 616 1836 ordinatio
630 1793 836 1853 personarum
848 1775 880 1834 in
894 1776 1001 1851 finem,
1012 1774 1083 1854 jure

157 1869 378 1944 ecclesiastico,
392 1867 495 1946 quoad
515 1867 576 1926 duo
595 1867 787 1928 attenditur:
804 1867 957 1946 principia
972 1887 1083 1946 nempe

157 1961 336 2041 dogmatica
350 1964 381 2020 et
394 1978 518 2018 morum
540 1958 746 2036 disciplinam.
765 1961 854 2023 Unde
871 1961 985 2039 quibus
1000 1979 1083 2042 corn-

156 2055 233 2136 petit
248 2052 441 2115 ordinarium
458 2051 598 2130 regimen
615 2052 746 2132 alicujus
760 2054 921 2131 Ecclesiae,
937 2053 1084 2132 compet‘t

157 2151 188 2208 et
203 2145 419 2224 magisterium
433 2144 465 2203 in
481 2143 560 2220 fide,
574 2144 742 2228 imperinm
760 2147 792 2206 in
811 2165 924 2208 mores.
944 2147 1005 2208 Sed
1022 2147 1083 2207 tale

77 2235 80 2242 '
157 2238 351 2301 ordinarium
374 2236 514 2314 regimen
530 2236 653 2297 ‘hahent
676 2237 740 2298 sive
764 2241 910 2299 Summus
925 2239 1081 2314 Pontifex,

156 2333 220 2394 sive
237 2331 400 2410 episcopus
413 2329 595 2407 respective.
611 2330 701 2391 Unde
714 2331 878 2392 habendus
892 2336 938 2392 est
950 2335 1084 2410 uterque

155 2429 307 2503 tanquam
322 2421 472 2500 magister
487 2425 517 2482 et
530 2422 702 2501 imperator
716 2424 908 2501 respectivus
922 2424 1004 2483 illius
1019 2424 1085 2484 sive

155 2515 259 2578 totalis
279 2515 344 2576 sive
359 2514 498 2594 partialis
518 2514 674 2575 societatis
693 2533 762 2593 quae
784 2517 897 2595 cuique
919 2517 1084 2577 commissa

155 2609 300 2671 habetur.

196 2705 233 2764 V.
254 2701 298 2762 De
313 2700 452 2760 divisione
456 2699 611 2779 potestatis
623 2719 709 2779 quam
723 2701 842 2760 societas
849 2701 986 2781 perfecto
999 2702 1084 2762 tabet

156 2795 186 2854 in
200 2812 273 2854 scca
282 2795 356 2852 Haec
369 2791 543 2870 imperandi
554 2796 702 2870 potestas,
716 2793 754 2852 de
769 2811 831 2873 qua
841 2794 1005 2872 hactenus,
1023 2795 1084 2856 tria

156 2883 373 2963 complectitur
395 2903 400 2942 :
426 2886 457 2942 l⁰
475 2884 655 2944 facultatem
671 2885 893 2964 legislativam,
917 2891 952 2948 ut
971 2907 1082 2966 nempe

156 2979 267 3040 eadem
280 2994 390 3038 norma
400 2976 573 3037 actionibus
586 2977 725 3038 omnium
734 2978 890 3040 sociorum
899 2980 1083 3042 determine-

155 3076 207 3133 tur
218 3071 250 3131 in
258 3073 369 3141 finem;
381 3072 412 3129 2⁰
422 3072 609 3148 potestatem
616 3069 826 3148 judiciariam,
835 3076 870 3133 ut
880 3073 1083 3134 dubiaremo-

155 3167 288 3224 veantur
303 3181 372 3243 quae
387 3159 427 3222 in'
438 3161 515 3240 legis
534 3162 740 3240 applicatione
762 3169 892 3242 possunt
911 3184 1080 3246 exurgere3

155 3259 186 3316 3⁰
198 3258 385 3333 potestatem
396 3254 605 3331 coercitiVam,
618 3259 653 3316 ut
669 3275 722 3316 eos
736 3257 788 3335 qni
801 3259 879 3338 legis
894 3258 1081 3320 ordinationi
1164 3322 1166 3328 ,
1200 3287 1201 3292 1
1232 3251 1233 3314 Ῐ

154 3347 321 3422 resistunt,
337 3348 368 3407 vi
386 3348 464 3427 legis
486 3348 713 3410 contineantur.
731 3350 819 3411 Unde
838 3349 903 3412 sive
922 3353 1081 3412 Romanus

155 3439 307 3516 Pontifex,
315 3437 380 3500 sive
389 3440 1077 3521 unusquisqueepiscopus,proportionedata,
