2546 4016
132 237 172 300 84
339 246 569 298 rosunurronss
591 247 673 294 runis
695 245 848 292 canonici.

133 395 285 478 praebant,
303 410 397 472 quem
412 391 496 468 apud
516 389 726 468 Epiphanium
744 388 890 462 retinent.
910 390 999 452 Unda
1021 390 1063 451 de

135 486 319 552 auctoritate
342 482 521 564 hujusmodi
547 481 657 561 primae
686 481 876 542 collectionis
907 482 1064 562 colligitur

135 579 219 662 quod
228 595 341 656 nempe
351 575 592 638 constitutiones
603 592 673 653 quae
682 572 828 634 dicuntur
834 575 1060 652 apostolorum,

133 666 1071 737 ribinonconstatfuissehaereticorumautschismaticorum,

133 763 244 826 fraude
256 766 310 824 aut
322 781 360 823 ex
374 759 612 822 amanuensium
626 776 731 820 errore
748 759 798 818 vel
819 759 995 838 ignorantia
1012 759 1061 820 vi-

133 857 237 932 tiatas,
253 855 373 935 possint
384 853 524 932 praehere
537 855 757 930 argumentum
773 850 971 912 ecclesiastici
981 852 1062 930 dog-

133 948 236 1025 matis,
257 947 348 1027 quale
364 947 439 1008 dara
454 947 584 1025 possunt
597 947 801 1006 monumenta
816 963 885 1022 quae
900 946 941 1005 lll
955 944 1005 1006 vel
1019 947 1061 1006 lV

134 1042 248 1105 saeculo
262 1040 452 1104 tribuuntur.

384 1189 394 1240 s
409 1191 435 1230 ll.
450 1198 481 1230 uu
494 1195 624 1230 canamus
637 1194 815 1228 arcerenonuu,

172 1315 224 1376 111.
249 1312 385 1374 Gravior
408 1316 509 1373 exstat
538 1310 703 1371 difficultas
735 1311 774 1370 de
806 1310 977 1388 canonibus
1005 1310 1058 1389 qui

134 1405 512 1485 dicunturapostolorum.
1062 1410 1065 1415 ’

174 1499 263 1572 Quod
290 1497 322 1558 in
351 1497 473 1559 caeteris
499 1494 718 1557 controversiis
749 1495 899 1574 contingit
924 1499 958 1556 ut
980 1496 1062 1557 inter

134 1591 265 1671 duplicis
279 1590 433 1670 opinionis
445 1588 609 1652 contrariae
625 1590 764 1649 extrema
781 1587 994 1650 dimicandum
1008 1588 1058 1665 sit,

134 1685 194 1746 hcc
210 1685 305 1746 etiam
319 1684 351 1744 in
373 1683 543 1763 quaestione
558 1682 597 1742 de
612 1681 796 1742 auctoritate
813 1699 968 1742 canonum
985 1699 1061 1760 apo-

133 1776 284 1838 stolorum
298 1776 486 1838 verificatur.
504 1775 563 1835 Alii
579 1773 662 1834 enim
676 1772 767 1834 nimis
786 1773 914 1850 creduli,
939 1774 983 1835 uti
1002 1774 1061 1836 luit

133 1868 323 1944 Turrianus‚
352 1867 433 1928 inter
458 1866 666 1943 recentioreS,
697 1883 760 1928 non
785 1865 968 1928 dubitarunt
992 1867 1060 1928 vin-

111 1959 237 2022 dicare
265 1959 350 2020 hisce
385 1959 556 2020 canonibus
586 1958 803 2020 auctoritatem
833 1959 1057 2037 apostolicam,

133 2051 301 2112 defendere
329 2069 437 2112 omnes
466 2051 560 2111 fuisse
587 2051 627 2111 ab
648 2050 794 2129 apostolis
823 2051 1006 2112 const'tutos
1029 2055 1061 2112 et

131 2143 284 2224 genuinos
299 2143 497 2223 sincerosque
507 2143 679 2206 asservari.
704 2143 765 2220 Sic,
790 2144 873 2222 apud
895 2144 1065 2223 antiquae,¹

132 2237 269 2298 loannes
279 2239 489 2299 Damascenus
505 2255 541 2296 eo
556 2255 654 2315 usque
669 2254 852 2314 progressus
866 2239 913 2296 est
926 2241 961 2296 ut
978 2237 1060 2297 hone

133 2327 348 2390 collectionem
376 2347 531 2390 canonum
557 2328 770 2406 apostolorum
792 2329 873 2392 inter
893 2329 1059 2390 canonicas

132 2420 301 2498 scripturas
315 2439 477 2483 recensere
493 2439 556 2484 non
569 2421 767 2484 dubitaverit.

171 2511 231 2574 Alii
255 2517 407 2591 econtra,
431 2518 465 2574 ut
486 2515 630 2590 Ballene,
655 2533 672 2574 e
697 2513 942 2575 calvinianorum
961 2517 1056 2591 secta,

132 2605 185 2686 qui
195 2605 322 2668 nolebat
331 2609 451 2668 tantam
460 2606 545 2667 hisce
559 2606 729 2668 canonibus
739 2607 910 2667 concedere
924 2607 1059 2668 auctori-

130 2700 228 2758 tatem
237 2702 496 2778 vetustatemque,
509 2697 677 2759 defendere
685 2701 814 2760 conatus
823 2702 869 2759 cst
879 2699 1057 2778 hujusmodi

131 2807 266 2850 canones
281 2808 344 2850 non
357 2791 455 2852 multo
470 2794 542 2854 ante
562 2809 679 2852 annum
694 2794 762 2867 lei,
785 2810 841 2852 seu
863 2791 946 2852 eirca
963 2792 1058 2852 finem

129 2881 234 2942 saeouli
250 2883 287 2958 V,
303 2883 472 2962 aquodam
485 2885 591 2944 Graeco
602 2883 749 2944 haeretico
762 2883 856 2944 fuisse
870 2901 1058 2946 omnescon-

129 2973 217 3035 fictos
232 2977 263 3036 et
277 2975 334 3036 sub
346 2975 472 3037 nomine
487 2973 700 3054 apostolorum
714 2977 886 3056 evulgatos.

168 3067 315 3129 Jamverc
331 3071 462 3149 utraque
484 3068 552 3130 haec
571 3068 675 3147 opinio
697 3071 836 3130 extremo
849 3068 978 3130 vitanda
992 3072 1053 3131 est:

128 3157 378 3238 primoquidem,
391 3161 464 3240 quia
473 3160 569 3224 habet
577 3151 686 3223 contre
696 3179 729 3222 se
739 3162 840 3240 plura,
853 3164 920 3223 tum
929 3160 1054 3235 interna,

128 3251 196 3310 tum
219 3258 341 3316 esterna
368 3259 573 3332 argumenta,
605 3271 675 3334 quae
706 3253 885 3334 hujusmodi
920 3272 1055 3315 canones

127 3340 275 3494 {posticio
290 3345 469 3496 structoribus
489 3364 610 3408 necnon
622 3346 772 3408 Clementi
787 3349 927 3408 Romano
943 3345 1053 3408 editori

165 3451 201 3512 Ju
224 3451 317 3498 roan.
