2546 4016
197 299 255 360 loo
405 309 634 360 rnsrrrurrouns
654 313 736 360 Jua1s
759 311 911 359 circumi.

196 456 308 538 quibus
320 453 549 531 adscribuntur,
566 457 640 532 sunt
652 457 758 516 tamen
772 457 976 516 monumenta
990 473 1060 534 quae
1075 453 1128 517 vel

194 548 227 609 in
250 546 475 608 recentioribus
498 549 710 608 Romanorum
732 546 919 608 Pontificum
933 547 1128 609 consttutio-

196 641 302 724 nibus,
318 639 368 701 vel
382 639 414 699 in
427 640 637 720 quorumdam
651 639 854 700 conciliorum
869 639 1061 716 canonibus,
1074 640 1128 700 vel

195 733 227 795 in
241 732 363 810 scriptis
377 734 505 792 Petrum
527 732 742 810 reperiuntur,
759 730 809 791 vel
831 731 959 792 demum
967 731 1036 812 jam
1049 749 1127 793 eon—

195 824 360 887 suetudine
372 824 643 885 invectafuerunt.
998 902 1000 905 Ι

236 919 431 995 Quapropter
451 916 518 977 fieri
542 916 644 995 potuit
672 918 764 976 aetate
789 915 842 975 illa
865 917 899 976 nt
917 915 961 975 illi
988 934 1126 979 canones

195 1009 311 1090 ubique
321 1009 436 1072 fuerint
444 1007 571 1087 recepti,
581 1027 653 1069 cum
661 1007 737 1068 nihil
745 1007 817 1069 novi
828 1007 860 1067 in
868 1007 912 1067 eis
920 1007 1123 1087 reperiretur,

195 1106 226 1164 et
240 1102 336 1182 ajure
349 1102 434 1180 quod
443 1105 518 1162 tunc
528 1100 656 1180 vigebat
667 1100 814 1161 alienum.
823 1103 848 1160 N
851 1118 886 1160 ec
898 1101 1013 1162 scimus
1025 1101 1125 1162 ullum

195 1193 363 1255 excitatum
374 1192 468 1254 fuisse
485 1211 655 1269 rumorem,
673 1193 732 1253 hac
747 1192 821 1253 data
835 1192 1015 1269 occasione,
1030 1199 1126 1272 prout

194 1304 318 1363 semper
338 1285 369 1344 in
391 1284 581 1347 novitatibus
599 1284 746 1363 contigit,
771 1284 829 1345 nisi
852 1285 937 1363 quod
959 1289 1028 1346 orta
1051 1290 1125 1347 sunt

128 1407 129 1411 =
195 1378 340 1458 quadam
356 1377 484 1438 dissidia
498 1377 580 1438 inter
597 1376 760 1457 episcopos
772 1377 878 1438 Galliae
893 1376 932 1437 de
947 1377 995 1437 his
1009 1396 1123 1456 nempe

194 1488 263 1550 quea
279 1470 564 1549 apscede-Isidoro
580 1470 663 1530 circa
673 1487 784 1530 causas
795 1469 988 1549 episcopales
998 1469 1124 1532 invecta

194 1563 328 1625 fuerant.

234 1657 296 1718 Sed
309 1656 341 1716 in
356 1656 476 1718 caeteris
492 1656 636 1718 omnibus
651 1674 708 1735 per
719 1659 779 1718 700
793 1655 858 1716 fere
880 1673 994 1733 annos,
1009 1675 1122 1735 nempe

193 1750 344 1828 usquead
355 1748 495 1810 medinm
507 1749 612 1809 saeculi
623 1751 689 1826 XV,
701 1748 841 1810 collectio
856 1747 1029 1809 Isidoriana
1038 1748 1121 1828 paci-

193 1843 251 1902 fice
266 1841 419 1919 regnavit,
433 1841 651 1902 auctoritatem
664 1841 774 1902 habuit
785 1843 936 1921 tanquam
945 1841 1123 1901 veramcol·

193 1931 369 2002 lectionem.
388 1935 453 1993 Hac
473 1935 576 2009 aetate,
590 1933 758 1994 cardinalis
773 1935 913 1994 Gusauus
927 1933 959 1993 in
974 1933 1054 1994 libro
1072 1935 1125 1994 111⁰

193 2041 258 2086 suae
280 2025 462 2086 Concordia
488 2025 650 2086 catholicae
671 2026 815 2086 fraudem
840 2026 1045 2086 isidorianam
1071 2026 1125 2087 de-

192 2117 282 2179 texit.
310 2119 428 2179 'lamen
450 2117 635 2181 Hincmarus
655 2117 856 2194 Rhomensis‚
875 2118 927 2197 qui
952 2118 1124 2179 decretales

191 2210 224 2270 in
245 2209 304 2270 hec
331 2209 514 2271 collectione
536 2210 696 2287 detentae,
713 2213 819 2289 utpote
844 2210 901 2271 sihi
926 2209 1122 2272 adversarias

191 2301 223 2362 in
238 2319 334 2362 causa
348 2320 443 2381 quam
460 2301 597 2364 hahebat
619 2321 692 2362 cum
710 2303 877 2363 Hincmaro
896 2303 1117 2379 laudunensi,

191 2393 287 2472 coepit
308 2413 456 2473 respuere
476 2395 508 2455 id
530 2413 622 2456 omna
641 2395 726 2473 quod
742 2395 774 2455 iu
796 2394 1043 2456 codiceconooum
1058 2415 1120 2456 non

190 2485 415 2565 reperiebatur.

232 2579 352 2640 Saeculo
370 2582 476 2641 autem
485 2581 577 2655 XVl⁰‚
595 2580 819 2642 centuriatores
834 2579 1120 2659 Magdaburgenses

189 2673 397 2751 protestantes
421 2689 500 2752 quos
519 2671 551 2732 in
566 2671 626 2733 hoc
640 2671 844 2752 jansenistica
863 2671 972 2732 schola
998 2673 1120 2733 saeculis

189 2763 391 2844 sequentibus
402 2764 491 2843 sequi
505 2781 568 2824 non
583 2764 686 2826 renuit
698 2811 706 2841 ‚
717 2764 815 2825 multa
826 2763 919 2844 hujus
930 2763 1120 2826 collectionis

189 2854 352 2917 occasione
385 2855 621 2918 blateraverunt
642 2853 708 2917 sedi
733 2856 911 2935 apostolicae
933 2856 1086 2936 injuriosa
1110 2878 1116 2918 :

189 2949 250 3011 hoo
260 2947 343 3009 enim
353 2947 481 3027 genium
493 2947 626 3010 falsandi
637 2952 841 3010 monumenta
851 2947 1044 3028 antiquitatis
1052 2949 1118 3010 sedi

189 3039 367 3120 apostoliea
377 3040 564 3117 tribuerunt,
576 3045 728 3122 tanquam
741 3041 766 3101 si
780 3040 834 3102 illa
846 3059 903 3119 per
918 3041 999 3101 hanc
1009 3042 1118 3102 collec-

187 3133 305 3194 tionem
315 3132 389 3214 jura
411 3151 469 3194 sua
489 3133 656 3194 extendere
681 3133 854 3210 voluisset,
876 3137 907 3194 et
923 3151 1033 3212 reapse
1050 3151 1120 3194 am*

188 3224 365 3302 plifieasset.

227 3317 279 3378 lX.
303 3318 392 3378 Unde
416 3318 473 3379 hac
495 3318 527 3378 in
547 3336 581 3383 re
603 3319 667 3380 dua
694 3317 892 3380 theoremata
912 3317 1051 3398 practica
1079 3338 1118 3380 ex

188 3407 278 3470 dictis
293 3409 396 3488 colligi
410 3415 540 3487 possunt
554 3430 561 3472 :

230 3499 329 3560 Conco
347 3502 371 3561 l.
390 3501 536 3562 Golleclio
556 3499 748 3578 Isidoriana,
764 3503 790 3562 si
805 3506 962 3582 spectetur
987 3503 1117 3565 scientia
