2512 4012
154 283 162 294 '
197 285 256 358 948
406 297 636 354 rrsrnurrorrs
655 297 737 351 mars
760 297 912 350 curamur.

196 450 324 512 nestorii
345 448 532 512 continetur.
550 447 588 510 lli
609 441 752 510 obtinent
773 447 916 509 infimum
939 448 1075 528 gradum
1095 446 1125 508 in

197 545 256 605 hac
276 542 449 622 categoria,
465 545 496 603 et
518 542 666 602 dicuntur
690 542 820 602 abbates
842 560 900 602 nee
922 542 1049 620 proprie
1070 559 1126 602 uec

196 637 365 716 improprie
380 635 498 697 nullius.
516 635 567 697 Sia
580 635 788 696 determinata
807 634 932 696 notione
951 635 1045 715 hujus
1057 653 1125 714 gra-

195 731 264 807 dus,
274 727 488 791 determinatis
501 745 625 808 quoque
640 727 804 806 speciebus
819 725 1125 807 ejusdam,quaedam

194 822 400 902 proponenda
428 825 500 882 sunt
525 820 680 900 principia
715 821 755 882 ad
786 820 926 899 Ipsorum
950 820 1025 901 jura
1054 821 1126 882 defi-

194 915 319 977 nienda.

234 1010 341 1070 XXIII.
357 1012 386 1069 l⁰
396 1007 554 1068 Abhatum
562 1005 738 1088 jurisdictio
748 1006 917 1086 originaria
929 1024 992 1068 non
1004 1011 1062 1084 est,
1071 1008 1124 1068 sed

194 1102 348 1181 delegata.
360 1103 439 1162 Sunt
454 1099 537 1160 enim
549 1100 695 1160 humana
706 1099 918 1162 iustitutionis.
933 1100 1007 1160 Ilaec
1021 1104 1125 1161 autem

193 1195 340 1273 delegata
363 1192 533 1253 auotoritas
551 1209 613 1254 non
637 1196 740 1271 potest
760 1211 828 1253 esse
845 1192 885 1253 ab
908 1191 1047 1254 inferiori
1071 1212 1124 1253 seu

193 1288 372 1348 dioecesano
403 1285 584 1365 episcopatu
619 1285 778 1362 deriuata,
803 1285 891 1364 quasi
922 1285 1125 1346 constitueret

192 1380 361 1460 quemdam
375 1378 509 1459 gradum
518 1378 686 1439 'vicariatus
698 1377 730 1438 in
741 1378 879 1439 dioecesi.
895 1381 950 1439 ast
962 1378 1046 1438 enim
1057 1379 1124 1459 qui-

193 1473 266 1534 dam
282 1473 399 1552 gradus
418 1470 611 1533 auctoritatis
624 1469 863 1549 independentis
884 1471 924 1531 ab
939 1471 1122 1533 auctoritate

192 1566 328 1645 episcopi
342 1565 522 1642 dio'e'oasani,
540 1567 572 1626 et
584 1563 687 1643 potius
707 1563 844 1642 episcopi
862 1564 1007 1643 potestati
1026 1564 1123 1644 aequi-

190 1664 321 1738 paratur
341 1659 416 1740 quin
446 1657 489 1718 illi
513 1658 727 1719 subalternata
758 1656 923 1718 habeatur.
949 1657 1032 1736 Iirgo
1059 1675 1121 1718 non

190 1755 288 1813 restat
300 1751 358 1812 nisi
377 1755 412 1812 ut
426 1769 496 1812 eam
511 1751 681 1811 dieamuso
695 1767 841 1829 supremo
857 1749 995 1812 ecolesIae
1014 1753 1121 1812 aucto·

189 1845 289 1906 ritatis
313 1845 414 1923 gradu
434 1843 607 1905 derivatam
630 1861 708 1920 esse,
731 1843 763 1902 in
787 1861 906 1923 suaque
937 1842 1057 1922 origine
1092 1847 1122 1904 et

189 1940 302 1998 natura
316 1933 489 2014 inspectam
509 1954 572 1997 nou
593 1953 662 1997 esse
676 1934 734 1997 nisi
749 1936 917 2015 quemdam
936 1934 1120 1997 vicariatum
1234 1929 1235 1942 ³

189 2045 342 2107 supremae
357 2028 451 2109 hujus
466 2029 668 2107 auetorItatis,
686 2047 756 2108 quae
770 2029 859 2090 sicuti
872 2029 939 2090 aliis
954 2029 1119 2091 auctorita-

188 2127 252 2184 tem
266 2121 443 2202 Impertitur
462 2121 779 2201 supraepiscopalem,
798 2122 842 2183 ita
856 2122 923 2183 aliis
942 2141 999 2201 pro
1012 2115 1119 2183 Ecole-
1233 2167 1234 2170 ,

188 2215 242 2275 siae
257 2215 490 2292 opportunitate
503 2216 592 2294 quasi
604 2215 815 2294 episcopalem
830 2215 1034 2277 oonoredidit.

226 2311 258 2368 2⁰
279 2308 352 2368 Hae
371 2307 545 2388 jurisdictio
568 2307 710 2369 instituta
732 2311 780 2369 est
794 2308 834 2369 ad
856 2309 954 2370 instar
971 2307 1118 2398 jurisdic-

186 2399 279 2462 tionis
294 2399 496 2476 dioeeesanae3
513 2400 597 2462 unde
610 2401 770 2462 ordinaria
785 2405 843 2480 est,
860 2401 953 2462 realis
968 2406 999 2464 et
1013 2407 1119 2482 pasto-

186 2493 269 2555 ralis.
287 2493 361 2555 Ideo
376 2492 408 2554 in
418 2497 533 2574 genere
546 2494 639 2556 statui
652 2497 755 2573 potest
765 2495 832 2556 haec
844 2495 1016 2574 proportio,
1034 2498 1115 2577 quod
1231 2497 1233 2580 J

185 2585 331 2648 videlieet
342 2587 440 2648 abbas
455 2590 502 2648 est
516 2587 547 2647 in
561 2587 689 2648 abbatia
702 2591 737 2649 ut
752 2587 915 2667 episcopus
931 2588 962 2648 in
975 2588 1113 2652 dioeeesi.

184 2679 251 2738 Imo
268 2683 303 2740 ut
319 2678 371 2739 hie
387 2680 505 2758 'gradus
521 2680 714 2742 auctoritatis
728 2680 830 2760 magis
843 2681 938 2742 etiam
953 2683 1117 2744 accederet
1231 2655 1232 2722 Ῐ

184 2770 296 2848 gradui
308 2771 468 2850 dignitatis
479 2771 675 2850 episcopalis,
688 2773 891 2835 indoctus‘cst
902 2774 1031 2854 quidam
1039 2775 1115 2837 rilus
1230 2841 1231 2848 p

183 2861 409 2924 benedictionis
425 2864 576 2925 abbatum
591 2865 631 2925 ad
651 2865 751 2926 instar
771 2867 1014 2930 consecrationis
1038 2869 1115 2947 epis

184 2956 312 3036 copulis,
327 2957 483 3035 utnempe
494 2957 584 3019 sicuti
601 2958 738 3037 episcopi
751 2958 1001 3038 jurisdIctionem
1016 2961 1115 3023 imita·

183 3053 280 3127 retur,
290 3049 373 3112 itaet
383 3049 536 3111 ordinem.
546 3050 635 3113 Unde
647 3069 779 3130 capaces
788 3053 1113 3116 liuntadministrandi
1229 3113 1230 3156 p

182 3142 273 3220 plura
289 3143 528 3205 sacramentalia
548 3161 619 3224 quae
634 3143 762 3222 propria
781 3149 854 3206 sunt
868 3146 1053 3226 episcopalis
1064 3147 1115 3228 ju·

181 3234 379 3299 risdiotionis.
393 3236 666 3316 Ododpraesertim
688 3237 727 3298 de
740 3238 905 3300 abbatibus
917 3241 1113 3319 regularibus
1212 3286 1214 3290 .

180 3325 417 3406 Intelligendum
430 3333 487 3392 est.

218 3420 358 3480 3⁰SedIn
366 3419 511 3484 conflictu
523 3422 828 3487 interauotoritatem
839 3423 999 3489 abbatiset
1009 3429 1113 3489 auctu·

174 3509 303 3584 ‘ritatem
323 3511 459 3594 episcopi
477 3515 559 3576 intra
574 3517 662 3598 cujus
677 3517 848 3580 dioeceseos
862 3520 939 3580 fines
956 3519 991 3602 (si
1008 3536 1109 3582 sermo
