2484 4016
182 291 242 352 288
391 300 618 358 msrraurronns
638 300 721 346 runis
743 299 897 346 cenorum.

184 447 362 510 habuerunt
375 445 416 508 ad
429 444 584 523 schisma,
604 463 676 508 cum
690 444 794 506 minus
813 444 927 506 sentire
942 449 1117 523 potuerunt

182 541 334 602 iuduxum
343 538 500 619 generalis
518 537 690 616 disciplinae
703 537 931 616 ecclesiastica,
940 539 1117 600 ardentiori

182 633 279 694 indoli
295 630 494 694 orientalium
510 631 551 690 ad
567 629 730 692 libidinem
746 629 847 709 magis
868 631 1040 708 proruenti,
1064 632 1116 692 vel

182 725 251 788 aliis
263 724 376 788 causis.
395 723 446 786 Sic
461 722 579 784 factum
596 725 643 783 661
661 721 746 802 quod
768 741 841 783 usus
860 723 1011 784 initorum
1032 743 1117 803 nup-

182 818 298 882 tiarum
324 816 448 898 quaein
475 815 661 876 occidentali
692 815 831 876 Ecclesia
857 815 978 877 clericis
996 817 1118 878 mansit

181 910 376 987 interdictus,
394 909 477 988 apud
490 926 543 969 eos
553 907 730 970 invaluerit.

223 1004 313 1067 Unde
320 1003 388 1083 jam
401 1004 476 1062 tunc
490 1019 509 1062 a
522 1004 664 1079 tempore
679 999 801 1062 concilii
816 1000 944 1078 Nicaeni,
958 1019 1009 1061 res
1025 1001 1059 1061 in
1075 1021 1115 1064 66

182 1092 1116 1172 616161Ρ6116636116161161611161611636616111116166661161-

182 1190 247 1250 lent
257 1187 379 1249 clericis
389 1205 482 1248 usum
491 1186 682 1264 nuptiarum,
696 1186 893 1247 obstaculum
901 1185 961 1271 fuit
974 1191 1116 1266 exparte

182 1279 398 1358 Orientalium,
413 1298 451 1339 ne
462 1279 608 1338 videlicet
618 1278 678 1338 hac
688 1281 776 1339 tanta
785 1277 994 1357 prohibitione
1005 1277 1115 1339 minis-

182 1379 304 1438 trorum
331 1372 466 1454 penuria
493 1374 747 1450 consequeretur,
770 1370 925 1450 siquidem
941 1371 1067 1432 oaelibes
1083 1376 1117 1434 et

181 1468 320 1548 virgines
330 1485 392 1529 non
402 1466 493 1528 facilc
500 1464 741 1526 inveniebantur
752 1464 804 1545 qui
814 1463 992 1525 ministoriis
1003 1463 1116 1544 hujus-

181 1561 268 1624 modi
282 1563 396 1640 praesto
407 1560 520 1621 esseut.

222 1654 298 1716 lude
323 1671 343 1714 a
367 1651 486 1732 puriori
508 1651 563 1711 illa
591 1649 756 1728 disciplina
779 1667 849 1730 quae
877 1649 978 1730 viguit
1002 1649 1118 1728 primis

182 1745 329 1809 Ecclesiae
344 1745 477 1822 saeculis,
493 1761 652 1809 recessere
665 1743 763 1804 Graeoi
780 1760 923 1822 novaque
935 1743 968 1802 in
980 1743 1119 1806 concilio

183 1840 332 1902 Trullano
353 1839 469 1917 scripta
484 1837 579 1898 etiam
592 1837 662 1916 lege
676 1836 760 1915 a-pud
775 1854 828 1897 eos
841 1835 991 1897 declivior
1002 1854 1120 1897 eorum

183 1932 347 2011 disciplina
359 1932 546 1993 confirmata
558 1933 614 1991 est.
631 1932 750 1991 Tamen
768 1927 964 1990 interdicitur
984 1930 1120 1992 omniuo

183 2025 336 2106 episcopis
343 2043 417 2086 usus
425 2023 692 2103 nuptiarum:quo
703 2022 777 2084 litut
787 2021 962 2102 episcopiiu
972 2023 1122 2086 Ecclesia

181 2136 285 2198 graeca
297 2136 335 2178 ex
349 2116 512 2179 monachis
530 2117 582 2196 qui
596 2116 774 2178 caelibatum
792 2119 929 2193 servant,
949 2133 1121 2179 assuman-

182 2214 243 2288 tur,
257 2229 329 2270 cum
342 2209 434 2271 facile
449 2210 585 2272 declaro
600 2209 742 2272 saeoulari
761 2227 824 2271 non
843 2209 1039 2271 inveniantur
1057 2211 1120 2290 qui

184 2303 283 2365 velint
294 2321 350 2382 pro
364 2302 563 2384 suscipiendo
581 2303 635 2364 illo
648 2303 750 2382 gradu
765 2303 805 2364 ab
823 2320 920 2365 uxore
936 2303 1120 2364 abstineret

183 2415 245 2478 quo
266 2398 308 2478 fit]
326 2401 361 2462 61
375 2395 608 2464 monachismus
626 2396 684 2457 sibi
707 2397 936 2475 comparaverit
957 2397 1122 2460 exclusive

185 2490 333 2553 fiduciam
352 2491 551 2570 populorum,
572 2493 603 2550 et
626 2490 667 2550 sit
687 2489 729 2550 de
750 2490 833 2551 facto
855 2509 949 2551 verus
966 2491 1121 2553 Ecclesiae

183 2583 342 2647 orientalis
358 2585 474 2661 clerus,
491 2587 580 2646 tanta
598 2583 639 2644 sit
652 2584 821 2646 necessitas
836 2584 995 2646 caelibatus
1015 2585 1122 2645 eccle-

182 2677 316 2740 siastioil

222 2770 312 2842 Quod
325 2789 399 2831 vero
415 2774 534 2850 spectat
547 2771 586 2830 ad
599 2771 810 2849 praesbyteros
828 2775 859 2833 61
880 2771 1030 2832 (11666666
1045 2769 1119 2850 (qui

182 2863 239 2924 soli
254 2863 392 2944 majores
404 2864 506 2934 elerici
519 2867 703 2942 reputantur
713 2864 797 2942 apud
811 2863 957 2942 Graecos),
970 2863 1030 2923 11116
1039 2880 1121 2941 per-

182 2956 277 3019 mittit
287 2957 455 3017 concilium
466 2957 651 3017 Trullanum
663 2975 739 3017 usus
751 2956 933 3036 nuptiarum
944 2960 1015 3017 ante
1030 2956 1119 3016 ordi-

183 3069 256 3111 nem
273 3049 432 3111 initarum.
460 3049 550 3112 Unde
574 3050 675 3110 solent
699 3050 731 3109 in
753 3049 926 3111 minoribus
953 3048 1118 3112 oonst'tuti

185 3161 314 3204 uxorem
334 3142 448 3202 ducere
463 3146 633 3222 antequam
644 3142 684 3202 ad
698 3141 835 3223 majores
848 3143 1028 3204 ascendant.

223 3237 344 3298 Morem
366 3236 450 3296 hunc
471 3234 611 3296 Ecclesia
642 3234 742 3296 latina
761 3254 823 3296 uon
847 3235 976 3298 laudat:
998 3235 1119 3296 tolerat

183 3331 305 3390 tantum
319 3330 358 3390 ob
369 3347 480 3409 pacem
494 3329 693 3391 servandam.
717 3330 824 3390 Solum
846 3327 942 3407 exigit
959 3331 994 3389 ut
1013 3345 1119 3406 praes·

182 3421 285 3497 hyteri
305 3422 399 3498 graeci
426 3439 482 3498 per
499 3421 657 3500 integram
678 3421 911 3484 hebdomadam
929 3422 978 3484 vel
999 3421 1117 3483 saltem

183 3511 397 3600 pertriduum
418 3513 458 3576 ab
478 3531 575 3578 uxore
599 3513 793 3598 abstiuecut,
813 3533 910 3600 quum
934 3513 974 3578 ad
996 3532 1115 3601 corpus
