<?xml version="1.0" encoding="UTF-8"?>
<!DOCTYPE html PUBLIC "-//W3C//DTD XHTML 1.0 Transitional//EN"
    "http://www.w3.org/TR/xhtml1/DTD/xhtml1-transitional.dtd">
<html xmlns="http://www.w3.org/1999/xhtml" xml:lang="en" lang="en">
 <head>
  <title>
</title>
<meta http-equiv="Content-Type" content="text/html;charset=utf-8" />
  <meta name='ocr-system' content='tesseract 3.04.00' />
  <meta name='ocr-capabilities' content='ocr_page ocr_carea ocr_par ocr_line ocrx_word'/>
</head>
<body>
  <div class='ocr_page' id='page_1' title='image "./institutionesju02marigoog_0048.png"; bbox 0 0 2514 4014; ppageno 0'>
   <div class='ocr_carea' id='block_1_1' title="bbox 334 257 1079 320">
    <p class='ocr_par' dir='ltr' id='par_1_1' title="bbox 334 257 1079 320">
     <span class='ocr_line' id='line_1_1' title="bbox 334 257 1079 320; baseline 0.007 -5"><span class='ocrx_word' id='word_1_1' title='bbox 334 267 445 316; x_wconf 75' lang='lat' dir='ltr'>macr</span> <span class='ocrx_word' id='word_1_2' title='bbox 466 270 619 316; x_wconf 81' lang='lat' dir='ltr'>srncnns</span> <span class='ocrx_word' id='word_1_3' title='bbox 639 269 723 320; x_wconf 77' lang='lat' dir='ltr'>sums</span> <span class='ocrx_word' id='word_1_4' title='bbox 745 269 900 319; x_wconf 77' lang='lat' dir='ltr'>canorum.</span> <span class='ocrx_word' id='word_1_5' title='bbox 1043 257 1079 320; x_wconf 73' lang='lat' dir='ltr'>ll</span> 
     </span>
    </p>
   </div>
   <div class='ocr_carea' id='block_1_2' title="bbox 146 411 1154 3094">
    <p class='ocr_par' dir='ltr' id='par_1_2' title="bbox 146 411 1083 1144">
     <span class='ocr_line' id='line_1_2' title="bbox 148 411 1081 495; baseline 0 -21"><span class='ocrx_word' id='word_1_6' title='bbox 148 411 258 475; x_wconf 89' lang='lat' dir='ltr'>dentes</span> <span class='ocrx_word' id='word_1_7' title='bbox 269 414 384 494; x_wconf 73' lang='lat' dir='ltr'>factam</span> <span class='ocrx_word' id='word_1_8' title='bbox 400 432 470 474; x_wconf 92' lang='lat' dir='ltr'>cum</span> <span class='ocrx_word' id='word_1_9' title='bbox 476 413 559 495; x_wconf 83' lang='lat' dir='ltr'>jare,</span> <span class='ocrx_word' id='word_1_10' title='bbox 572 417 777 476; x_wconf 88' lang='lat' dir='ltr'>autumarunt</span> <span class='ocrx_word' id='word_1_11' title='bbox 790 433 809 476; x_wconf 90' lang='lat' dir='ltr'>a</span> <span class='ocrx_word' id='word_1_12' title='bbox 823 415 938 495; x_wconf 94' lang='lat' dir='ltr'>populo</span> <span class='ocrx_word' id='word_1_13' title='bbox 949 413 1081 494; x_wconf 84' lang='lat' dir='ltr'>principi</span> 
     </span>
     <span class='ocr_line' id='line_1_3' title="bbox 146 507 1083 586; baseline -0.003 -16"><span class='ocrx_word' id='word_1_14' title='bbox 146 507 295 570; x_wconf 81' lang='lat' dir='ltr'>collatam</span> <span class='ocrx_word' id='word_1_15' title='bbox 304 507 400 568; x_wconf 88' lang='lat' dir='ltr'>fuisse</span> <span class='ocrx_word' id='word_1_16' title='bbox 414 509 520 586; x_wconf 83' lang='lat' dir='ltr'>legum</span> <span class='ocrx_word' id='word_1_17' title='bbox 534 508 736 568; x_wconf 87' lang='lat' dir='ltr'>ferendarum</span> <span class='ocrx_word' id='word_1_18' title='bbox 756 507 984 570; x_wconf 85' lang='lat' dir='ltr'>auctoritatem.</span> <span class='ocrx_word' id='word_1_19' title='bbox 1003 509 1083 580; x_wconf 87' lang='lat' dir='ltr'>Oua·</span> 
     </span>
     <span class='ocr_line' id='line_1_4' title="bbox 147 599 1081 680; baseline 0 -20"><span class='ocrx_word' id='word_1_20' title='bbox 147 604 287 679; x_wconf 85' lang='lat' dir='ltr'>propter,</span> <span class='ocrx_word' id='word_1_21' title='bbox 301 601 461 680; x_wconf 87' lang='lat' dir='ltr'>proposito</span> <span class='ocrx_word' id='word_1_22' title='bbox 477 601 535 661; x_wconf 92' lang='lat' dir='ltr'>sibi</span> <span class='ocrx_word' id='word_1_23' title='bbox 553 601 661 677; x_wconf 90' lang='lat' dir='ltr'>dubio,</span> <span class='ocrx_word' id='word_1_24' title='bbox 681 600 839 680; x_wconf 90' lang='lat' dir='ltr'>quomodo</span> <span class='ocrx_word' id='word_1_25' title='bbox 853 619 957 660; x_wconf 89' lang='lat' dir='ltr'>mores</span> <span class='ocrx_word' id='word_1_26' title='bbox 974 599 1081 680; x_wconf 93' lang='lat' dir='ltr'>populi</span> 
     </span>
     <span class='ocr_line' id='line_1_5' title="bbox 147 693 1081 774; baseline 0 -20"><span class='ocrx_word' id='word_1_27' title='bbox 147 697 277 774; x_wconf 77' lang='lat' dir='ltr'>possent</span> <span class='ocrx_word' id='word_1_28' title='bbox 294 693 347 773; x_wconf 88' lang='lat' dir='ltr'>jus</span> <span class='ocrx_word' id='word_1_29' title='bbox 371 693 581 770; x_wconf 78' lang='lat' dir='ltr'>introducere,</span> <span class='ocrx_word' id='word_1_30' title='bbox 609 693 675 754; x_wconf 89' lang='lat' dir='ltr'>sine</span> <span class='ocrx_word' id='word_1_31' title='bbox 696 694 760 754; x_wconf 90' lang='lat' dir='ltr'>ulla</span> <span class='ocrx_word' id='word_1_32' title='bbox 779 693 988 770; x_wconf 78' lang='lat' dir='ltr'>cunctatione,</span> <span class='ocrx_word' id='word_1_33' title='bbox 1015 693 1081 754; x_wconf 89' lang='lat' dir='ltr'>sine</span> 
     </span>
     <span class='ocr_line' id='line_1_6' title="bbox 147 785 1082 864; baseline 0.002 -18"><span class='ocrx_word' id='word_1_34' title='bbox 147 786 213 846; x_wconf 87' lang='lat' dir='ltr'>ulla</span> <span class='ocrx_word' id='word_1_35' title='bbox 225 785 434 862; x_wconf 72' lang='lat' dir='ltr'>dubitatione,</span> <span class='ocrx_word' id='word_1_36' title='bbox 453 787 520 846; x_wconf 90' lang='lat' dir='ltr'>sine</span> <span class='ocrx_word' id='word_1_37' title='bbox 537 787 601 846; x_wconf 88' lang='lat' dir='ltr'>ulla</span> <span class='ocrx_word' id='word_1_38' title='bbox 619 786 854 847; x_wconf 87' lang='lat' dir='ltr'>confirmatione</span> <span class='ocrx_word' id='word_1_39' title='bbox 872 786 1082 864; x_wconf 87' lang='lat' dir='ltr'>respondebat</span> 
     </span>
     <span class='ocr_line' id='line_1_7' title="bbox 146 878 1082 958; baseline -0.004 -16"><span class='ocrx_word' id='word_1_40' title='bbox 146 878 300 958; x_wconf 89' lang='lat' dir='ltr'>Ulpianus</span> <span class='ocrx_word' id='word_1_41' title='bbox 307 879 479 958; x_wconf 85' lang='lat' dir='ltr'>(legexxxn</span> <span class='ocrx_word' id='word_1_42' title='bbox 489 880 606 958; x_wconf 83' lang='lat' dir='ltr'>Digest.</span> <span class='ocrx_word' id='word_1_43' title='bbox 622 879 821 958; x_wconf 87' lang='lat' dir='ltr'>delegibus):</span> <span class='ocrx_word' id='word_1_44' title='bbox 836 900 849 936; x_wconf 81' lang='lat' dir='ltr'>a</span> <span class='ocrx_word' id='word_1_45' title='bbox 862 879 942 951; x_wconf 82' lang='lat' dir='ltr'>Quid</span> <span class='ocrx_word' id='word_1_46' title='bbox 953 879 1082 940; x_wconf 91' lang='lat' dir='ltr'>interest</span> 
     </span>
     <span class='ocr_line' id='line_1_8' title="bbox 148 972 1081 1051; baseline 0.001 -20"><span class='ocrx_word' id='word_1_47' title='bbox 148 973 299 1051; x_wconf 84' lang='lat' dir='ltr'>suffragio</span> <span class='ocrx_word' id='word_1_48' title='bbox 330 973 463 1050; x_wconf 87' lang='lat' dir='ltr'>populus</span> <span class='ocrx_word' id='word_1_49' title='bbox 490 973 685 1033; x_wconf 88' lang='lat' dir='ltr'>voluntatem</span> <span class='ocrx_word' id='word_1_50' title='bbox 718 991 807 1032; x_wconf 86' lang='lat' dir='ltr'>suam</span> <span class='ocrx_word' id='word_1_51' title='bbox 838 972 1010 1048; x_wconf 87' lang='lat' dir='ltr'>declarare,</span> <span class='ocrx_word' id='word_1_52' title='bbox 1041 990 1081 1032; x_wconf 90' lang='lat' dir='ltr'>an</span> 
     </span>
     <span class='ocr_line' id='line_1_9' title="bbox 148 1064 538 1144; baseline -0.01 -18"><span class='ocrx_word' id='word_1_53' title='bbox 148 1065 253 1126; x_wconf 86' lang='lat' dir='ltr'>verbis</span> <span class='ocrx_word' id='word_1_54' title='bbox 262 1064 339 1144; x_wconf 85' lang='lat' dir='ltr'>ipsis</span> <span class='ocrx_word' id='word_1_55' title='bbox 354 1069 386 1126; x_wconf 89' lang='lat' dir='ltr'>et</span> <span class='ocrx_word' id='word_1_56' title='bbox 398 1065 512 1126; x_wconf 83' lang='lat' dir='ltr'>factis?</span> <span class='ocrx_word' id='word_1_57' title='bbox 524 1087 538 1122; x_wconf 78' lang='lat' dir='ltr'>n</span> 
     </span>
    </p>

    <p class='ocr_par' dir='ltr' id='par_1_3' title="bbox 148 1157 1083 1888">
     <span class='ocr_line' id='line_1_10' title="bbox 188 1157 1082 1237; baseline 0 -17"><span class='ocrx_word' id='word_1_58' title='bbox 188 1159 253 1220; x_wconf 87' lang='lat' dir='ltr'>Sed</span> <span class='ocrx_word' id='word_1_59' title='bbox 270 1158 343 1219; x_wconf 87' lang='lat' dir='ltr'>licet</span> <span class='ocrx_word' id='word_1_60' title='bbox 368 1159 530 1236; x_wconf 89' lang='lat' dir='ltr'>Ulpianus,</span> <span class='ocrx_word' id='word_1_61' title='bbox 558 1177 707 1220; x_wconf 89' lang='lat' dir='ltr'>romanus</span> <span class='ocrx_word' id='word_1_62' title='bbox 726 1157 978 1237; x_wconf 86' lang='lat' dir='ltr'>jurisconsultus,</span> <span class='ocrx_word' id='word_1_63' title='bbox 1009 1159 1082 1220; x_wconf 87' lang='lat' dir='ltr'>seri-</span> 
     </span>
     <span class='ocr_line' id='line_1_11' title="bbox 148 1251 1083 1330; baseline 0.001 -19"><span class='ocrx_word' id='word_1_64' title='bbox 148 1251 239 1312; x_wconf 88' lang='lat' dir='ltr'>beret</span> <span class='ocrx_word' id='word_1_65' title='bbox 257 1251 316 1312; x_wconf 89' lang='lat' dir='ltr'>sub</span> <span class='ocrx_word' id='word_1_66' title='bbox 342 1251 502 1312; x_wconf 87' lang='lat' dir='ltr'>Marciano</span> <span class='ocrx_word' id='word_1_67' title='bbox 521 1252 722 1330; x_wconf 82' lang='lat' dir='ltr'>imperatore,</span> <span class='ocrx_word' id='word_1_68' title='bbox 748 1252 874 1330; x_wconf 89' lang='lat' dir='ltr'>quando</span> <span class='ocrx_word' id='word_1_69' title='bbox 894 1271 1007 1330; x_wconf 89' lang='lat' dir='ltr'>nempe</span> <span class='ocrx_word' id='word_1_70' title='bbox 1034 1270 1083 1312; x_wconf 91' lang='lat' dir='ltr'>ro·</span> 
     </span>
     <span class='ocr_line' id='line_1_12' title="bbox 149 1343 1081 1424; baseline 0 -20"><span class='ocrx_word' id='word_1_71' title='bbox 149 1362 244 1405; x_wconf 89' lang='lat' dir='ltr'>mana</span> <span class='ocrx_word' id='word_1_72' title='bbox 262 1343 386 1424; x_wconf 88' lang='lat' dir='ltr'>jamdiu</span> <span class='ocrx_word' id='word_1_73' title='bbox 410 1344 603 1404; x_wconf 80' lang='lat' dir='ltr'>democratia</span> <span class='ocrx_word' id='word_1_74' title='bbox 629 1344 797 1422; x_wconf 84' lang='lat' dir='ltr'>exciderat,</span> <span class='ocrx_word' id='word_1_75' title='bbox 821 1345 953 1423; x_wconf 90' lang='lat' dir='ltr'>putabat</span> <span class='ocrx_word' id='word_1_76' title='bbox 976 1349 1081 1406; x_wconf 89' lang='lat' dir='ltr'>tamen</span> 
     </span>
     <span class='ocr_line' id='line_1_13' title="bbox 150 1437 1083 1516; baseline 0 -20"><span class='ocrx_word' id='word_1_77' title='bbox 150 1439 303 1516; x_wconf 91' lang='lat' dir='ltr'>populum</span> <span class='ocrx_word' id='word_1_78' title='bbox 322 1437 402 1497; x_wconf 90' lang='lat' dir='ltr'>adeo</span> <span class='ocrx_word' id='word_1_79' title='bbox 421 1455 513 1516; x_wconf 88' lang='lat' dir='ltr'>posse</span> <span class='ocrx_word' id='word_1_80' title='bbox 530 1437 738 1516; x_wconf 84' lang='lat' dir='ltr'>legislativam</span> <span class='ocrx_word' id='word_1_81' title='bbox 758 1437 976 1498; x_wconf 86' lang='lat' dir='ltr'>auctoritatem</span> <span class='ocrx_word' id='word_1_82' title='bbox 998 1457 1083 1498; x_wconf 80' lang='lat' dir='ltr'>exer-</span> 
     </span>
     <span class='ocr_line' id='line_1_14' title="bbox 152 1529 1082 1609; baseline 0 -19"><span class='ocrx_word' id='word_1_83' title='bbox 152 1548 221 1590; x_wconf 87' lang='lat' dir='ltr'>cere</span> <span class='ocrx_word' id='word_1_84' title='bbox 236 1531 269 1590; x_wconf 93' lang='lat' dir='ltr'>in</span> <span class='ocrx_word' id='word_1_85' title='bbox 285 1530 427 1608; x_wconf 85' lang='lat' dir='ltr'>imperio,</span> <span class='ocrx_word' id='word_1_86' title='bbox 449 1529 553 1590; x_wconf 86' lang='lat' dir='ltr'>verbis</span> <span class='ocrx_word' id='word_1_87' title='bbox 572 1533 604 1590; x_wconf 88' lang='lat' dir='ltr'>et</span> <span class='ocrx_word' id='word_1_88' title='bbox 619 1530 720 1607; x_wconf 80' lang='lat' dir='ltr'>scotie,</span> <span class='ocrx_word' id='word_1_89' title='bbox 735 1531 838 1609; x_wconf 91' lang='lat' dir='ltr'>prouti</span> <span class='ocrx_word' id='word_1_90' title='bbox 856 1530 1003 1608; x_wconf 82' lang='lat' dir='ltr'>suffragio</span> <span class='ocrx_word' id='word_1_91' title='bbox 1026 1549 1082 1590; x_wconf 90' lang='lat' dir='ltr'>suo</span> 
     </span>
     <span class='ocr_line' id='line_1_15' title="bbox 151 1622 1082 1702; baseline -0.001 -19"><span class='ocrx_word' id='word_1_92' title='bbox 151 1623 287 1684; x_wconf 84' lang='lat' dir='ltr'>faciebat</span> <span class='ocrx_word' id='word_1_93' title='bbox 297 1623 330 1682; x_wconf 91' lang='lat' dir='ltr'>in</span> <span class='ocrx_word' id='word_1_94' title='bbox 345 1622 490 1700; x_wconf 85' lang='lat' dir='ltr'>comitiis,</span> <span class='ocrx_word' id='word_1_95' title='bbox 501 1623 589 1702; x_wconf 88' lang='lat' dir='ltr'>quasi</span> <span class='ocrx_word' id='word_1_96' title='bbox 600 1623 745 1702; x_wconf 87' lang='lat' dir='ltr'>delegata</span> <span class='ocrx_word' id='word_1_97' title='bbox 754 1622 886 1700; x_wconf 91' lang='lat' dir='ltr'>principi</span> <span class='ocrx_word' id='word_1_98' title='bbox 899 1622 1082 1682; x_wconf 87' lang='lat' dir='ltr'>auctoritate</span> 
     </span>
     <span class='ocr_line' id='line_1_16' title="bbox 152 1714 1082 1794; baseline -0.001 -19"><span class='ocrx_word' id='word_1_99' title='bbox 152 1716 288 1777; x_wconf 85' lang='lat' dir='ltr'>sibinen</span> <span class='ocrx_word' id='word_1_100' title='bbox 311 1715 490 1776; x_wconf 86' lang='lat' dir='ltr'>abstulisset</span> <span class='ocrx_word' id='word_1_101' title='bbox 506 1715 558 1794; x_wconf 86' lang='lat' dir='ltr'>jus</span> <span class='ocrx_word' id='word_1_102' title='bbox 575 1716 660 1794; x_wconf 76' lang='lat' dir='ltr'>leges</span> <span class='ocrx_word' id='word_1_103' title='bbox 681 1715 817 1788; x_wconf 87' lang='lat' dir='ltr'>ferendi;</span> <span class='ocrx_word' id='word_1_104' title='bbox 842 1714 973 1794; x_wconf 87' lang='lat' dir='ltr'>proinde</span> <span class='ocrx_word' id='word_1_105' title='bbox 996 1733 1034 1775; x_wconf 88' lang='lat' dir='ltr'>ac</span> <span class='ocrx_word' id='word_1_106' title='bbox 1057 1714 1082 1774; x_wconf 91' lang='lat' dir='ltr'>si</span> 
     </span>
     <span class='ocr_line' id='line_1_17' title="bbox 152 1809 834 1888; baseline 0.001 -19"><span class='ocrx_word' id='word_1_107' title='bbox 152 1809 325 1888; x_wconf 87' lang='lat' dir='ltr'>principem</span> <span class='ocrx_word' id='word_1_108' title='bbox 335 1809 512 1870; x_wconf 89' lang='lat' dir='ltr'>ministrnm</span> <span class='ocrx_word' id='word_1_109' title='bbox 522 1809 683 1870; x_wconf 88' lang='lat' dir='ltr'>suumsihi</span> <span class='ocrx_word' id='word_1_110' title='bbox 700 1809 834 1870; x_wconf 83' lang='lat' dir='ltr'>fecisset.</span> 
     </span>
    </p>

    <p class='ocr_par' dir='ltr' id='par_1_4' title="bbox 151 1901 1083 2445">
     <span class='ocr_line' id='line_1_18' title="bbox 191 1901 1083 1982; baseline -0.002 -18"><span class='ocrx_word' id='word_1_111' title='bbox 191 1903 255 1965; x_wconf 87' lang='lat' dir='ltr'>Sed</span> <span class='ocrx_word' id='word_1_112' title='bbox 270 1901 451 1982; x_wconf 87' lang='lat' dir='ltr'>hujusmodi</span> <span class='ocrx_word' id='word_1_113' title='bbox 466 1906 616 1980; x_wconf 84' lang='lat' dir='ltr'>systema,</span> <span class='ocrx_word' id='word_1_114' title='bbox 637 1901 726 1982; x_wconf 86' lang='lat' dir='ltr'>cujus</span> <span class='ocrx_word' id='word_1_115' title='bbox 743 1901 846 1963; x_wconf 87' lang='lat' dir='ltr'>tristes</span> <span class='ocrx_word' id='word_1_116' title='bbox 864 1903 992 1964; x_wconf 85' lang='lat' dir='ltr'>effectus</span> <span class='ocrx_word' id='word_1_117' title='bbox 1007 1921 1083 1982; x_wconf 89' lang='lat' dir='ltr'>quo·</span> 
     </span>
     <span class='ocr_line' id='line_1_19' title="bbox 152 1994 1083 2074; baseline -0.001 -18"><span class='ocrx_word' id='word_1_118' title='bbox 152 1995 226 2056; x_wconf 88' lang='lat' dir='ltr'>tidie</span> <span class='ocrx_word' id='word_1_119' title='bbox 247 1995 459 2074; x_wconf 87' lang='lat' dir='ltr'>deploramus,</span> <span class='ocrx_word' id='word_1_120' title='bbox 478 1996 504 2055; x_wconf 91' lang='lat' dir='ltr'>si</span> <span class='ocrx_word' id='word_1_121' title='bbox 520 1994 729 2074; x_wconf 87' lang='lat' dir='ltr'>perniciosum</span> <span class='ocrx_word' id='word_1_122' title='bbox 747 1995 841 2056; x_wconf 85' lang='lat' dir='ltr'>estin</span> <span class='ocrx_word' id='word_1_123' title='bbox 858 1995 1000 2072; x_wconf 79' lang='lat' dir='ltr'>recivili,</span> <span class='ocrx_word' id='word_1_124' title='bbox 1019 2015 1083 2057; x_wconf 92' lang='lat' dir='ltr'>om·</span> 
     </span>
     <span class='ocr_line' id='line_1_20' title="bbox 153 2086 1083 2156; baseline 0.001 -9"><span class='ocrx_word' id='word_1_125' title='bbox 153 2088 224 2149; x_wconf 89' lang='lat' dir='ltr'>nino</span> <span class='ocrx_word' id='word_1_126' title='bbox 249 2088 446 2149; x_wconf 87' lang='lat' dir='ltr'>intolerabile</span> <span class='ocrx_word' id='word_1_127' title='bbox 473 2089 554 2149; x_wconf 87' lang='lat' dir='ltr'>foret</span> <span class='ocrx_word' id='word_1_128' title='bbox 576 2086 666 2156; x_wconf 86' lang='lat' dir='ltr'>inre</span> <span class='ocrx_word' id='word_1_129' title='bbox 696 2087 916 2148; x_wconf 88' lang='lat' dir='ltr'>ecclesiastica.</span> <span class='ocrx_word' id='word_1_130' title='bbox 943 2088 974 2149; x_wconf 89' lang='lat' dir='ltr'>Si</span> <span class='ocrx_word' id='word_1_131' title='bbox 1000 2089 1083 2148; x_wconf 90' lang='lat' dir='ltr'>enim</span> 
     </span>
     <span class='ocr_line' id='line_1_21' title="bbox 151 2179 1083 2260; baseline 0.002 -20"><span class='ocrx_word' id='word_1_132' title='bbox 151 2180 182 2240; x_wconf 91' lang='lat' dir='ltr'>in</span> <span class='ocrx_word' id='word_1_133' title='bbox 197 2180 281 2242; x_wconf 89' lang='lat' dir='ltr'>civili</span> <span class='ocrx_word' id='word_1_134' title='bbox 303 2179 466 2259; x_wconf 88' lang='lat' dir='ltr'>republica</span> <span class='ocrx_word' id='word_1_135' title='bbox 483 2181 594 2260; x_wconf 86' lang='lat' dir='ltr'>aliqua</span> <span class='ocrx_word' id='word_1_136' title='bbox 613 2180 812 2241; x_wconf 77' lang='lat' dir='ltr'>democratia</span> <span class='ocrx_word' id='word_1_137' title='bbox 837 2180 956 2259; x_wconf 87' lang='lat' dir='ltr'>species</span> <span class='ocrx_word' id='word_1_138' title='bbox 979 2185 1083 2260; x_wconf 89' lang='lat' dir='ltr'>potest</span> 
     </span>
     <span class='ocr_line' id='line_1_22' title="bbox 153 2271 1082 2353; baseline 0 -19"><span class='ocrx_word' id='word_1_139' title='bbox 153 2273 269 2349; x_wconf 90' lang='lat' dir='ltr'>induci,</span> <span class='ocrx_word' id='word_1_140' title='bbox 285 2273 519 2351; x_wconf 85' lang='lat' dir='ltr'>nnllaprofccto</span> <span class='ocrx_word' id='word_1_141' title='bbox 537 2273 570 2332; x_wconf 92' lang='lat' dir='ltr'>in</span> <span class='ocrx_word' id='word_1_142' title='bbox 589 2272 740 2351; x_wconf 76' lang='lat' dir='ltr'>regimine</span> <span class='ocrx_word' id='word_1_143' title='bbox 758 2271 980 2352; x_wconf 86' lang='lat' dir='ltr'>ecclesiastico,</span> <span class='ocrx_word' id='word_1_144' title='bbox 998 2273 1082 2353; x_wconf 88' lang='lat' dir='ltr'>quod</span> 
     </span>
     <span class='ocr_line' id='line_1_23' title="bbox 152 2365 575 2445; baseline -0.002 -18"><span class='ocrx_word' id='word_1_145' title='bbox 152 2385 279 2445; x_wconf 88' lang='lat' dir='ltr'>prorsus</span> <span class='ocrx_word' id='word_1_146' title='bbox 294 2365 505 2426; x_wconf 87' lang='lat' dir='ltr'>indefectibile</span> <span class='ocrx_word' id='word_1_147' title='bbox 519 2369 575 2426; x_wconf 86' lang='lat' dir='ltr'>est.</span> 
     </span>
    </p>

    <p class='ocr_par' dir='ltr' id='par_1_5' title="bbox 151 2457 1154 3002">
     <span class='ocr_line' id='line_1_24' title="bbox 188 2457 1082 2539; baseline -0.002 -17"><span class='ocrx_word' id='word_1_148' title='bbox 188 2462 273 2538; x_wconf 79' lang='lat' dir='ltr'>Ergo</span> <span class='ocrx_word' id='word_1_149' title='bbox 288 2457 378 2519; x_wconf 86' lang='lat' dir='ltr'>nobis</span> <span class='ocrx_word' id='word_1_150' title='bbox 392 2457 517 2520; x_wconf 90' lang='lat' dir='ltr'>videtur</span> <span class='ocrx_word' id='word_1_151' title='bbox 526 2458 758 2520; x_wconf 87' lang='lat' dir='ltr'>distinctionem</span> <span class='ocrx_word' id='word_1_152' title='bbox 771 2458 853 2518; x_wconf 88' lang='lat' dir='ltr'>inter</span> <span class='ocrx_word' id='word_1_153' title='bbox 866 2457 918 2539; x_wconf 85' lang='lat' dir='ltr'>jus</span> <span class='ocrx_word' id='word_1_154' title='bbox 931 2459 1082 2537; x_wconf 88' lang='lat' dir='ltr'>scriptum</span> 
     </span>
     <span class='ocr_line' id='line_1_25' title="bbox 153 2543 1083 2630; baseline -0.002 -16"><span class='ocrx_word' id='word_1_155' title='bbox 153 2557 182 2615; x_wconf 88' lang='lat' dir='ltr'>et</span> <span class='ocrx_word' id='word_1_156' title='bbox 207 2571 271 2613; x_wconf 89' lang='lat' dir='ltr'>uon</span> <span class='ocrx_word' id='word_1_157' title='bbox 290 2551 442 2630; x_wconf 88' lang='lat' dir='ltr'>scriptum</span> <span class='ocrx_word' id='word_1_158' title='bbox 467 2571 529 2613; x_wconf 93' lang='lat' dir='ltr'>non</span> <span class='ocrx_word' id='word_1_159' title='bbox 556 2552 762 2630; x_wconf 91' lang='lat' dir='ltr'>repetendam</span> <span class='ocrx_word' id='word_1_160' title='bbox 786 2570 853 2612; x_wconf 89' lang='lat' dir='ltr'>esse</span> <span class='ocrx_word' id='word_1_161' title='bbox 878 2543 1029 2630; x_wconf 83' lang='lat' dir='ltr'>tanquam</span> <span class='ocrx_word' id='word_1_162' title='bbox 1045 2571 1083 2612; x_wconf 89' lang='lat' dir='ltr'>cx</span> 
     </span>
     <span class='ocr_line' id='line_1_26' title="bbox 153 2643 1082 2723; baseline -0.002 -17"><span class='ocrx_word' id='word_1_163' title='bbox 153 2646 275 2708; x_wconf 88' lang='lat' dir='ltr'>diverso</span> <span class='ocrx_word' id='word_1_164' title='bbox 288 2644 373 2704; x_wconf 85' lang='lat' dir='ltr'>fonte</span> <span class='ocrx_word' id='word_1_165' title='bbox 386 2644 469 2704; x_wconf 90' lang='lat' dir='ltr'>unde</span> <span class='ocrx_word' id='word_1_166' title='bbox 485 2645 652 2723; x_wconf 89' lang='lat' dir='ltr'>procedat:</span> <span class='ocrx_word' id='word_1_167' title='bbox 666 2663 729 2704; x_wconf 89' lang='lat' dir='ltr'>una</span> <span class='ocrx_word' id='word_1_168' title='bbox 741 2644 825 2704; x_wconf 90' lang='lat' dir='ltr'>enim</span> <span class='ocrx_word' id='word_1_169' title='bbox 840 2643 985 2705; x_wconf 90' lang='lat' dir='ltr'>voluntas</span> <span class='ocrx_word' id='word_1_170' title='bbox 998 2644 1082 2723; x_wconf 88' lang='lat' dir='ltr'>prin·</span> 
     </span>
     <span class='ocr_line' id='line_1_27' title="bbox 153 2734 1081 2817; baseline 0 -19"><span class='ocrx_word' id='word_1_171' title='bbox 153 2737 228 2817; x_wconf 91' lang='lat' dir='ltr'>cipis</span> <span class='ocrx_word' id='word_1_172' title='bbox 239 2735 367 2796; x_wconf 89' lang='lat' dir='ltr'>hnmani</span> <span class='ocrx_word' id='word_1_173' title='bbox 374 2734 454 2816; x_wconf 85' lang='lat' dir='ltr'>juris</span> <span class='ocrx_word' id='word_1_174' title='bbox 463 2736 533 2797; x_wconf 87' lang='lat' dir='ltr'>fons</span> <span class='ocrx_word' id='word_1_175' title='bbox 548 2740 608 2810; x_wconf 89' lang='lat' dir='ltr'>est;</span> <span class='ocrx_word' id='word_1_176' title='bbox 620 2736 675 2796; x_wconf 91' lang='lat' dir='ltr'>scd</span> <span class='ocrx_word' id='word_1_177' title='bbox 689 2736 792 2814; x_wconf 90' lang='lat' dir='ltr'>potius</span> <span class='ocrx_word' id='word_1_178' title='bbox 807 2735 840 2794; x_wconf 92' lang='lat' dir='ltr'>in</span> <span class='ocrx_word' id='word_1_179' title='bbox 855 2735 978 2798; x_wconf 86' lang='lat' dir='ltr'>diverso</span> <span class='ocrx_word' id='word_1_180' title='bbox 986 2737 1081 2798; x_wconf 93' lang='lat' dir='ltr'>modo</span> 
     </span>
     <span class='ocr_line' id='line_1_28' title="bbox 152 2828 1154 2910; baseline 0 -19"><span class='ocrx_word' id='word_1_181' title='bbox 152 2850 213 2910; x_wconf 89' lang='lat' dir='ltr'>quo</span> <span class='ocrx_word' id='word_1_182' title='bbox 228 2831 296 2890; x_wconf 87' lang='lat' dir='ltr'>haec</span> <span class='ocrx_word' id='word_1_183' title='bbox 319 2828 467 2908; x_wconf 89' lang='lat' dir='ltr'>principis</span> <span class='ocrx_word' id='word_1_184' title='bbox 495 2830 639 2890; x_wconf 86' lang='lat' dir='ltr'>voluntas</span> <span class='ocrx_word' id='word_1_185' title='bbox 660 2829 839 2908; x_wconf 70' lang='lat' dir='ltr'>reipublice</span> <span class='ocrx_word' id='word_1_186' title='bbox 863 2830 1081 2893; x_wconf 85' lang='lat' dir='ltr'>manifestatur</span> <span class='ocrx_word' id='word_1_187' title='bbox 1151 2885 1154 2891; x_wconf 91' lang='lat'>.</span> 
     </span>
     <span class='ocr_line' id='line_1_29' title="bbox 151 2922 725 3002; baseline -0.002 -18"><span class='ocrx_word' id='word_1_188' title='bbox 151 2943 205 2986; x_wconf 88' lang='lat' dir='ltr'>seu</span> <span class='ocrx_word' id='word_1_189' title='bbox 219 2922 415 3002; x_wconf 88' lang='lat' dir='ltr'>proponitur.</span> <span class='ocrx_word' id='word_1_190' title='bbox 723 2985 725 2988; x_wconf 78' lang='grc'><strong>,</strong></span> 
     </span>
    </p>

    <p class='ocr_par' dir='ltr' id='par_1_6' title="bbox 190 2987 1083 3094">
     <span class='ocr_line' id='line_1_30' title="bbox 190 2987 1083 3094; baseline -0.001 -15"><span class='ocrx_word' id='word_1_191' title='bbox 190 3019 242 3080; x_wconf 85' lang='lat' dir='ltr'>Vl.</span> <span class='ocrx_word' id='word_1_192' title='bbox 254 2987 335 3088; x_wconf 87' lang='lat' dir='ltr'>Quid</span> <span class='ocrx_word' id='word_1_193' title='bbox 343 3015 426 3076; x_wconf 90' lang='lat' dir='ltr'>enim</span> <span class='ocrx_word' id='word_1_194' title='bbox 438 3015 486 3076; x_wconf 88' lang='lat' dir='ltr'>lex</span> <span class='ocrx_word' id='word_1_195' title='bbox 501 3014 589 3077; x_wconf 91' lang='lat' dir='ltr'>estin</span> <span class='ocrx_word' id='word_1_196' title='bbox 603 3033 659 3075; x_wconf 87' lang='lat' dir='ltr'>suo</span> <span class='ocrx_word' id='word_1_197' title='bbox 671 3001 823 3094; x_wconf 86' lang='lat' dir='ltr'>conceptu</span> <span class='ocrx_word' id='word_1_198' title='bbox 834 3015 968 3093; x_wconf 85' lang='lat' dir='ltr'>formali,</span> <span class='ocrx_word' id='word_1_199' title='bbox 981 3016 1012 3076; x_wconf 92' lang='lat' dir='ltr'>in</span> <span class='ocrx_word' id='word_1_200' title='bbox 1026 3035 1083 3078; x_wconf 86' lang='lat' dir='ltr'>sua</span> 
     </span>
    </p>
   </div>
   <div class='ocr_carea' id='block_1_3' title="bbox 148 3102 1083 3568">
    <p class='ocr_par' dir='ltr' id='par_1_7' title="bbox 148 3102 1083 3568">
     <span class='ocr_line' id='line_1_31' title="bbox 153 3102 1081 3190; baseline 0 -20"><span class='ocrx_word' id='word_1_201' title='bbox 153 3109 309 3172; x_wconf 85' lang='lat' dir='ltr'>essentia?</span> <span class='ocrx_word' id='word_1_202' title='bbox 323 3111 378 3169; x_wconf 85' lang='lat' dir='ltr'>Est</span> <span class='ocrx_word' id='word_1_203' title='bbox 394 3109 538 3188; x_wconf 83' lang='lat' dir='ltr'>quaedam</span> <span class='ocrx_word' id='word_1_204' title='bbox 559 3126 671 3168; x_wconf 89' lang='lat' dir='ltr'>norma</span> <span class='ocrx_word' id='word_1_205' title='bbox 687 3102 876 3187; x_wconf 79' lang='lat' dir='ltr'>praeceptiva</span> <span class='ocrx_word' id='word_1_206' title='bbox 897 3128 960 3189; x_wconf 88' lang='lat' dir='ltr'>qua</span> <span class='ocrx_word' id='word_1_207' title='bbox 976 3109 1081 3190; x_wconf 86' lang='lat' dir='ltr'>reipu-</span> 
     </span>
     <span class='ocr_line' id='line_1_32' title="bbox 153 3202 1080 3284; baseline 0.001 -19"><span class='ocrx_word' id='word_1_208' title='bbox 153 3205 243 3265; x_wconf 86' lang='lat' dir='ltr'>blicae</span> <span class='ocrx_word' id='word_1_209' title='bbox 271 3220 376 3262; x_wconf 87' lang='lat' dir='ltr'>mores</span> <span class='ocrx_word' id='word_1_210' title='bbox 406 3202 639 3281; x_wconf 65' lang='lat' dir='ltr'>gubernantum</span> <span class='ocrx_word' id='word_1_211' title='bbox 677 3206 723 3262; x_wconf 88' lang='lat' dir='ltr'>est</span> <span class='ocrx_word' id='word_1_212' title='bbox 754 3202 897 3264; x_wconf 91' lang='lat' dir='ltr'>absoluta</span> <span class='ocrx_word' id='word_1_213' title='bbox 931 3204 1080 3284; x_wconf 89' lang='lat' dir='ltr'>principis</span> 
     </span>
     <span class='ocr_line' id='line_1_33' title="bbox 153 3294 1082 3376; baseline 0.001 -17"><span class='ocrx_word' id='word_1_214' title='bbox 153 3298 297 3359; x_wconf 84' lang='lat' dir='ltr'>voluntas</span> <span class='ocrx_word' id='word_1_215' title='bbox 309 3296 417 3376; x_wconf 91' lang='lat' dir='ltr'>populi</span> <span class='ocrx_word' id='word_1_216' title='bbox 431 3295 571 3358; x_wconf 87' lang='lat' dir='ltr'>moribus</span> <span class='ocrx_word' id='word_1_217' title='bbox 589 3294 786 3374; x_wconf 87' lang='lat' dir='ltr'>applicanda,</span> <span class='ocrx_word' id='word_1_218' title='bbox 808 3315 863 3357; x_wconf 91' lang='lat' dir='ltr'>seu</span> <span class='ocrx_word' id='word_1_219' title='bbox 879 3298 1015 3359; x_wconf 88' lang='lat' dir='ltr'>strictius</span> <span class='ocrx_word' id='word_1_220' title='bbox 1035 3302 1082 3360; x_wconf 90' lang='lat' dir='ltr'>est</span> 
     </span>
     <span class='ocr_line' id='line_1_34' title="bbox 148 3386 1083 3471; baseline -0.002 -19"><span class='ocrx_word' id='word_1_221' title='bbox 148 3397 363 3471; x_wconf 74' lang='lat' dir='ltr'>preceptoras</span> <span class='ocrx_word' id='word_1_222' title='bbox 380 3389 518 3470; x_wconf 79' lang='lat' dir='ltr'>principe</span> <span class='ocrx_word' id='word_1_223' title='bbox 540 3386 641 3450; x_wconf 82' lang='lat' dir='ltr'>dotum</span> <span class='ocrx_word' id='word_1_224' title='bbox 656 3387 778 3468; x_wconf 82' lang='lat' dir='ltr'>populo.</span> <span class='ocrx_word' id='word_1_225' title='bbox 805 3389 978 3451; x_wconf 87' lang='lat' dir='ltr'>Discrimen</span> <span class='ocrx_word' id='word_1_226' title='bbox 999 3389 1083 3450; x_wconf 91' lang='lat' dir='ltr'>enim</span> 
     </span>
     <span class='ocr_line' id='line_1_35' title="bbox 154 3479 1081 3568; baseline -0.001 -21"><span class='ocrx_word' id='word_1_227' title='bbox 154 3484 236 3549; x_wconf 88' lang='lat' dir='ltr'>unde</span> <span class='ocrx_word' id='word_1_228' title='bbox 257 3483 309 3543; x_wconf 84' lang='lat' dir='ltr'>lex</span> <span class='ocrx_word' id='word_1_229' title='bbox 325 3501 344 3543; x_wconf 91' lang='lat' dir='ltr'>a</span> <span class='ocrx_word' id='word_1_230' title='bbox 360 3486 516 3568; x_wconf 86' lang='lat' dir='ltr'>praecepto</span> <span class='ocrx_word' id='word_1_231' title='bbox 537 3479 641 3541; x_wconf 84' lang='lat' dir='ltr'>differt</span> <span class='ocrx_word' id='word_1_232' title='bbox 654 3479 685 3539; x_wconf 91' lang='lat' dir='ltr'>in</span> <span class='ocrx_word' id='word_1_233' title='bbox 710 3479 770 3540; x_wconf 89' lang='lat' dir='ltr'>hoc</span> <span class='ocrx_word' id='word_1_234' title='bbox 793 3483 916 3544; x_wconf 84' lang='lat' dir='ltr'>tantum</span> <span class='ocrx_word' id='word_1_235' title='bbox 937 3483 1081 3546; x_wconf 82' lang='lat' dir='ltr'>versatur</span> 
     </span>
    </p>
   </div>
   <div class='ocr_carea' id='block_1_4' title="bbox 0 0 1266 4014">
    <p class='ocr_par' dir='ltr' id='par_1_8' title="bbox 0 0 1266 4014">
     <span class='ocr_line' id='line_1_36' title="bbox 0 0 1266 4014; baseline 0 0"><span class='ocrx_word' id='word_1_236' title='bbox 0 0 1266 4014; x_wconf 95' lang='lat' dir='ltr'> </span> 
     </span>
    </p>
   </div>
  </div>
 </body>
</html>
