2514 4014
318 291 428 341 comcs
452 291 602 362 sinemus
623 293 705 343 runis
730 295 884 344 cauomcr.
1032 285 1071 346 59

133 435 263 498 unicam
276 438 403 500 civilem
418 440 646 517 auctoritatem,
662 439 694 501 in
712 438 761 500 his
785 440 975 520 regionibus
1001 462 1071 523 quae

133 534 244 608 posset
256 551 310 592 eos
322 532 404 592 tueri
418 536 449 592 et
463 533 639 594 defendere.
653 533 742 594 Unde
753 553 886 613 regnum
898 538 1070 615 temporale

134 623 241 702 reipsa
263 624 437 685 obtinuisse
458 625 515 686 visi
538 630 619 703 sunt,
632 645 704 687 cum
714 627 863 688 nominali
885 631 1069 692 tantumde-

135 716 310 792 pendentia
322 717 363 776 ab
376 717 627 795 imperatoribus

176 810 251 868 Haec
265 828 341 869 vero
356 808 424 887 ipsa
435 811 654 889 dependentia,
670 830 731 872 seo.
745 813 824 890 VIII,
834 812 892 874 sub
902 814 1071 894 imperato·
1132 835 1137 844 ·

135 901 224 961 ribus
246 901 456 980 iconoclastis,
473 906 576 965 Leone
592 905 727 966 Isaurico
753 908 784 965 et
797 907 998 970 Constantino
1013 911 1072 971 Go-

135 1010 305 1073 pronpmo,
334 999 428 1074 rupta
453 1000 508 1073 est,
533 997 616 1058 facto
641 997 780 1076 ipsorum
804 1001 992 1078 populorum
1019 1003 1070 1082 qui

135 1087 329 1146 unanimiter
348 1092 458 1148 contra
473 1089 654 1170 hujusmodi
683 1091 884 1168 tyrannidem
899 1092 1072 1154 insurrexe-

135 1182 219 1240 runt.
242 1179 334 1240 Unde
354 1180 471 1240 factum
490 1184 548 1259 est,
566 1182 650 1242 circa
672 1181 836 1244 dimidIum
849 1183 943 1266 hujus
962 1188 1068 1264 seculi,

136 1275 172 1332 ut
186 1272 320 1332 Romani
336 1273 500 1334 Pontifices
514 1275 728 1353 independens
744 1275 909 1354 imperium
931 1279 1071 1340 obtinue-

136 1364 209 1425 rint.
233 1365 325 1436 Quod
345 1365 439 1426 etiam
458 1386 478 1426 a
492 1369 685 1429 Francorum
703 1368 833 1429 ducibus
858 1372 968 1432 Garolo
991 1373 1071 1432 Mar-

136 1458 223 1534 tello,
247 1457 381 1536 Pippino
410 1463 440 1520 et
464 1460 575 1520 Garolo
599 1462 724 1539 Magno,
751 1480 848 1541 quum
866 1464 1072 1526 imminebant

135 1551 339 1629 Longobardi
359 1550 525 1630 principeS,
554 1553 731 1614 restitutum
752 1559 784 1614 et
808 1556 991 1632 ampliatum
1012 1559 1068 1632 est,

138 1643 239 1703 donec
254 1661 337 1704 anno
350 1647 419 1720 800,
434 1645 602 1723 imperium
613 1646 819 1722 occidentale,
838 1648 922 1725 quod
938 1649 995 1706 sub
1008 1652 1072 1708 Au-

137 1737 263 1815 gustulo
275 1740 462 1815 cessaverat,
476 1738 508 1796 in
520 1738 629 1800 Garolo
640 1740 754 1818 Magno
768 1738 1016 1819 redintegratum
1027 1744 1074 1802 est
1131 1743 1134 1753 '

134 1848 159 1906 a
172 1831 327 1908 potestate
341 1830 560 1908 ecclesiastica,
572 1911 573 1914 Ἴ
583 1831 633 1892 cui
645 1831 770 1893 tuenda
784 1836 814 1894 et
833 1833 1006 1894 exaltanda
1022 1835 1074 1893 de-

140 1922 280 1984 dicatum
297 1926 354 1984 est.

180 2018 218 2078 V.
243 2019 331 2077 Nova
362 2017 506 2078 efferbuit
539 2019 714 2096 persecutio
752 2038 929 2100 novumque
955 2010 1073 2082 bellum

141 2108 310 2170 excitatum
334 2113 381 2170 est
404 2110 543 2171 a'saeculi
558 2110 750 2190 principibus
770 2117 880 2174 contra
901 2112 1074 2172 Ecclesiam

140 2201 195 2261 Dei
222 2202 337 2263 saeculo
360 2204 411 2262 XI.
437 2203 608 2281 Principes
630 2193 693 2264 non
706 2204 833 2282 quidem
855 2224 892 2264 ex
910 2205 980 2265 odio
1000 2205 1073 2265 fidei

141 2313 237 2374 quam
250 2295 309 2373 ipsi
324 2295 563 2374 profitebantur,
580 2296 636 2356 sed
663 2297 820 2376 quadam,
837 2301 873 2358 ut
892 2297 936 2358 ita
958 2297 1071 2374 dicam,

131 2387 335 2448 auctoritatis
358 2387 514 2467 zelotypia
539 2388 626 2464 moti,
653 2390 826 2449 Ecclesiam
852 2409 914 2450 non
933 2387 1074 2468 vamplius

139 2485 291 2558 tanquam
306 2483 440 2542 matrem
454 2481 594 2542 venerati
614 2484 697 2558 sunt,
714 2481 769 2540 sed
783 2481 868 2542 illam
883 2483 992 2544 timere
1008 2501 1072 2543 coe-

120 2645 122 2650 ¹
140 2577 255 2652 perant
272 2577 424 2652 tanquam
438 2575 594 2634 oemulam.
611 2576 782 2651 Propterea
804 2593 868 2635 non
881 2575 1013 2654 amplius
1026 2575 1068 2634 illi

141 2667 328 2746 obsequium
347 2666 483 2726 filiorum
513 2667 670 2744 exhibere,
692 2667 747 2727 sed
771 2667 925 2729 hostiliter
942 2667 1071 2728 iusidias

142 2764 250 2822 contra
262 2778 452 2838 eomparare
461 2764 634 2838 coeperunt,
642 2764 677 2820 ut
683 2759 757 2839 jura
765 2779 835 2840 quae
845 2761 976 2822 haberet
984 2779 1072 2824 usur*

142 2859 262 2931 parent,
285 2853 499 2933 divitiasquas
515 2858 607 2915 nacta
622 2857 704 2914 esset
723 2853 883 2932 tollerent,
898 2858 933 2915 ut
953 2855 1073 2915 moralis

142 2945 234 3026 hujus
241 2947 389 3008 Ecclesiae
399 2946 580 3024 auctoritas
594 2964 655 3026 quo
664 2945 843 3024 fieriposset
853 2948 960 3025 modo,
969 2948 1072 3008 detur-

141 3037 277 3103 baretur.

180 3135 246 3194 Hoc
261 3133 382 3212 prImus
396 3133 559 3195 attentavit
573 3132 725 3193 Henricus
747 3135 798 3211 IV,
817 3131 991 3194 Germaniae
1004 3151 1069 3212 rex,

143 3226 193 3304 qui
218 3227 277 3286 sub
304 3227 435 3288 obtentu
449 3226 593 3287 tradendi
619 3226 819 3288 investituras
834 3227 985 3304 feudaleS,
1001 3245 1071 3308 quae

142 3319 373 3400 cpIscopatibus
392 3323 424 3380 et
441 3319 574 3381 abbatiis
588 3318 620 3379 in
632 3319 813 3397 regionibus
827 3319 887 3381 illis
903 3320 1071 3401 conjunge-

142 3410 265 3490 bantur,
292 3413 485 3475 investiendo
510 3431 567 3490 per
587 3412 759 3472 solemnem
779 3412 882 3473 baculi
906 3413 1071 3491 pastoralis

144 3505 309 3590 annulique
325 3505 541 3584 traditionem,
555 3505 630 3588 jura
645 3504 790 3567 Ecclesiae
805 3507 933 3586 propria
947 3505 1071 3568 sibImet
