2512 4012
157 265 215 328 222
385 279 614 328 rusrrrurrouus
633 279 717 326 runrs
738 278 892 326 csuou1c1.

159 423 284 484 nomine
302 422 429 502 proprio
450 427 602 503 tanquam
625 423 810 502 episcopus,
824 423 881 484 sed
903 420 1095 502 simpliciter

159 516 285 578 nomine
299 515 487 578 mandantis

199 611 308 671 XXVI.
322 608 403 670 Satis
414 609 452 670 de
463 609 523 669 hac
533 609 692 688 categoria
699 609 855 688 graduum
861 607 1096 690 jurisdictionis

92 692 94 696 ’
160 701 213 782 qui
224 702 396 762 humanam
407 705 439 763 et
454 701 696 763 ecclesiasticam
711 703 830 764 babent
846 699 1091 778 institutionem,

160 795 212 874 qui
225 813 338 873 nempe
353 798 484 874 possunt
495 795 719 873 comprehendi
730 796 788 856 suh
797 794 934 874 generali
947 794 1096 873 appella·

159 887 243 950 tione
256 887 444 949 vicariorum
453 888 573 949 Summi
587 888 755 950 Pontificis.
774 891 881 950 Restat
888 888 987 949 altera
1000 889 1095 948 cate-

159 981 249 1059 goria
258 981 413 1059 graduum
421 980 600 1060 quipariter
610 981 649 1041 de
657 979 1092 1057 bumanasuntinstitutione,

159 1073 338 1152 pariterque
352 1092 414 1134 non
426 1073 556 1152 integris
570 1073 766 1135 clericalibus
777 1074 978 1136 conferuntur
991 1073 1095 1133 colle·

159 1165 228 1244 giis,
255 1165 310 1226 scd
333 1165 486 1228 distinctis
508 1166 692 1228 clericorum
719 1167 876 1246 personis3
896 1171 1000 1228 tamen
1020 1183 1092 1226 non

159 1262 273 1337 gerunt
289 1257 475 1320 vicariatum
494 1259 615 1322 Summi
636 1260 813 1336 Pontificis,
837 1259 893 1321 sed
913 1257 1091 1339 simplicem

160 1351 296 1431 episcopi
311 1352 496 1414 vicariatum
511 1371 568 1432 pro
581 1353 734 1433 regimine
749 1353 931 1415 dioeceseos,

282 1500 320 1554 lle
333 1500 465 1566 proditus
481 1500 528 1567 qui
542 1500 658 1570 episcopi
673 1501 842 1554 vicariatum
854 1504 962 1566 pero-nt.

198 1637 312 1699 Vicarii
328 1637 464 1716 episcopi
485 1636 654 1698 dioecesani
668 1635 813 1698 bifariam
832 1635 1088 1715 distinguuntur:

157 1729 208 1790 alii
231 1731 314 1791 enim
337 1730 500 1810 generales
526 1729 684 1806 dicuntur,
704 1729 756 1789 alii
784 1747 859 1790 vero
882 1727 1092 1808 particulares

157 1823 217 1882 dici
240 1828 378 1902 possunt.
404 1825 600 1902 Quapropter
619 1823 700 1884 hanc
724 1822 944 1884 tractationem
959 1820 1090 1896 induas

157 1919 261 1994 partes
283 1914 519 1976 subdividamus
539 1919 671 1994 oportet,
689 1915 823 1996 quarum
845 1914 948 1992 prima
967 1913 1024 1975 erit
1044 1913 1087 1975 de

156 2007 279 2068 vicariis
291 2007 499 2087 generalibus,
514 2008 614 2069 altera
623 2009 662 2068 de
673 2007 924 2088 particularibus.

451 2154 461 2208 s
475 2154 492 2196 Ι.
510 2155 538 2196 oe
552 2153 636 2196 vicariis
647 2151 789 2208 generalibus.

198 2273 320 2334 XXVII.
348 2270 475 2333 tamdiu
501 2291 521 2334 a
544 2273 696 2352 primaeva
720 2274 867 2337 Ecclesiae
891 2273 1086 2350 fundatione,

158 2365 302 2444 apostoli,
317 2383 357 2426 ue
370 2383 388 2426 a
403 2365 497 2426 Verbi
509 2364 606 2433 divini
622 2365 855 2444 praedicatione,
875 2381 1094 2428 esacramen-,

157 2459 258 2538 tisque
273 2457 486 2521 ministrandis
507 2457 766 2536 distraherentur,
784 2461 818 2521 ut
831 2458 942 2520 melius
964 2461 1086 2536 tempo-

157 2550 1087 2631 raliEcclesiaadministrationiconsulerent,proposuerunt

158 2645 342 2707 electionem
356 2644 571 2721 diaconorum,
582 2661 661 2724 quos
675 2644 904 2707 constituerunt
915 2662 1009 2723 super
1025 2643 1086 2705 hoc

157 2755 245 2815 opus
584 2758 586 2762 ·

196 2829 244 2890 Ad
266 2828 364 2890 instar
382 2828 560 2906 apostolicae
579 2829 672 2910 hujus
694 2828 875 2890 oeconomiae
894 2829 1012 2893 factum
1039 2833 1087 2892 est

158 2926 192 2984 nt
202 2921 350 3002 episcopi,
366 2921 476 2982 relicta
497 2922 687 3000 presbyteris
706 2925 974 2984 sacramentorum
984 2922 1086 2984 admi-

157 3013 351 3090 nistratione,
369 3032 503 3094 quorum
518 3018 608 3076 erant
617 3014 749 3076 ministri
765 3014 924 3091 ordinarii,
936 3015 1086 3078 diaconos

157 3109 335 3172 maluerunt
348 3107 465 3168 habere
491 3109 642 3187 tanquam
666 3107 799 3170 vicarios
825 3125 909 3185 suos,
933 3112 1085 3189 tanquam

157 3201 355 3282 coadjutores
370 3201 483 3282 quibus
496 3204 631 3262 externa
647 3200 848 3264 ecclesiarum
867 3219 974 3266 rerum
986 3202 1085 3262 admi·

157 3293 1085 3374 nistrationiconsuleretur‚quibuspotiusquampresbyteris

153 3385 404 3466 jurisdictionem
417 3405 507 3450 suam
519 3387 578 3448 hac
587 3386 620 3449 in
633 3406 668 3451 ne
682 3387 874 3467 delegarent.

183 3480 228 3538 Ne
241 3481 348 3540 autem
362 3497 400 3540 er
414 3480 621 3544 diaconorum
640 3479 844 3547 multitudiue
856 3479 996 3550 contusio
1021 3479 1083 3544 ori-
