2512 4012
172 255 232 318 260
391 267 620 320 nisururronns
640 273 722 320 runis
745 271 898 320 cruorum.

174 415 296 477 nulibus
316 414 535 495 oliisqueviris
550 416 813 495 praestantissimis
836 417 867 476 in
888 416 963 477 urbe
988 414 1110 476 consti-

172 511 240 571 tute
253 526 309 585 pro
324 509 481 569 nonnullis
505 508 654 588 negotiis
661 509 819 586 curandis
844 507 1046 570 discutiendis
1067 527 1112 568 ac

173 600 368 662 deliniendis
547 658 562 682 „

213 697 268 755 llae
293 694 441 774 distingui
459 696 586 758 solent
579 715 611 757 in
627 697 688 756 duo
701 713 841 774 genera:
859 694 928 756 aliae
943 713 1013 774 quae
1024 693 1109 772 poli-

172 786 242 848 tioae
257 791 288 848 et
303 787 419 864 civiles,
437 788 505 849 aliae
518 807 588 868 qum
603 788 821 849 ecclesiastice
837 786 992 848 dicuntur.
1019 786 1110 846 Poli-

174 881 282 942 tieoeet
270 879 399 941 tricilar
420 885 492 942 sunt
516 883 648 1035 quihust
653 884 741 942 Rom.
763 880 868 941 Pontii
830 884 904 941 tien
927 879 1109 941 curandum

173 973 449 1053 definiendumque
482 975 648 1036 committit
624 977 766 1052 itnego
767 973 832 1032 inm
857 973 983 1052 aliquod
1010 972 1110 1033 civile

173 1067 223 1127 vel
241 1065 401 1144 politicum
427 1085 491 1127 suae
511 1066 637 1128 ditionis
657 1067 707 1128 vel
728 1065 816 1144 regni
834 1065 942 1127 civilis.
965 1066 1027 1127 Sed
1050 1064 1109 1126 hae

174 1162 247 1220 sunt
268 1158 445 1219 tractationi
465 1163 578 1220 nostre
594 1159 786 1238 adinplere,
803 1158 959 1238 siquidem
978 1177 1040 1218 non
1060 1159 1107 1218 de

169 1251 241 1332 jure
257 1251 349 1327 civili,
363 1251 419 1312 sed
429 1251 469 1312 de
484 1253 694 1314 ecclesiastico
708 1251 797 1312 nobis
812 1255 859 1313 est
871 1251 1103 1312 disserendum.

213 1344 290 1406 Aliae
304 1363 378 1406 vero
390 1348 463 1406 sunt
473 1345 671 1408 ecclesiastice
680 1344 791 1424 quihus
802 1344 928 1424 aliquod
941 1345 1106 1424 negotium

174 1437 416 1500 ecclesiasticum
430 1438 602 1500 curandum
612 1457 648 1500 ac
659 1437 870 1498 definiendum
881 1437 1103 1513 committitur,

167 1547 244 1611 -quae
258 1531 290 1591 in
306 1529 385 1591 duas
401 1531 520 1610 speeies
538 1530 720 1591 dividuntur
736 1549 742 1590 :
759 1529 1014 1591 extraordinariae
1028 1534 1106 1591 sunt

172 1625 223 1685 vel
236 1624 413 1686 ordinariae.

169 1761 185 1780 2
213 1716 477 1782 Ectroordiccrioe
496 1735 553 1796 pro
580 1716 683 1796 aliquo
709 1715 955 1777 extraordinario
974 1716 1103 1794 negotio

174 1809 370 1889 expediendo
393 1810 634 1886 constituuntur,
660 1828 721 1890 quo
740 1808 894 1886 absoluto,
923 1807 1018 1869 veluti
1044 1827 1104 1869 suo

175 1902 277 1964 officio
293 1902 420 1978 functe,
436 1920 536 1981 perse
552 1907 685 1964 cessant.
724 1959 727 1965 ,
782 1949 785 1955 -

218 1993 385 2056 Ordinorioe
399 1998 503 2056 autem
520 1995 750 2057 constituuntur
764 1995 805 2056 ad
824 1994 898 2056 certi
914 1994 1038 2074 generis
1049 2013 1103 2054 ne·

173 2087 260 2166 gotia
270 2087 464 2165 expedienda
475 2106 544 2168 quae
558 2088 698 2149 afficiunt
707 2087 898 2149 ordinariam
908 2091 938 2148 et
948 2087 1103 2165 quotidia-

174 2198 247 2240 nam
261 2180 407 2242 Ecclesiae
428 2181 742 2244 administrationem.
762 2179 1036 2257 Extraordinariae,
1063 2198 1101 2240 eo

129 2271 132 2276 ’
173 2272 241 2351 ipso
257 2290 318 2352 quo
332 2273 412 2334 tales
425 2277 506 2350 sunt,
523 2293 587 2335 non
603 2279 734 2353 possunt
745 2274 786 2334 ad
800 2277 920 2334 certum
934 2291 1103 2334 numerum

118 2373 119 2376 ’
165 2366 223 2427 .vel
236 2383 380 2428 normam
390 2367 508 2428 reduci.
522 2367 596 2428 Ideo
609 2370 675 2430 tota
689 2367 833 2429 tractatio
844 2367 884 2427 ad
893 2365 962 2426 illas
972 2385 1043 2446 quse
1054 2366 1103 2426 di-

174 2463 286 2522 cuntur
300 2460 465 2522 ordinarie
478 2461 655 2522 reducetur.

213 2555 268 2614 Hae
282 2554 469 2632 multiplices
491 2554 628 2630 fuerunt,
650 2556 681 2614 et
702 2553 813 2614 saltem
836 2554 905 2615 XIV
929 2551 1100 2613 hodiedum

174 2649 387 2725 perseverant,
405 2665 486 2726 quse,
509 2646 618 2706 ordine
634 2644 855 2724 chronologico
876 2644 1062 2706 Pontificum
1083 2665 1102 2704 a

173 2737 287 2816 quibus
301 2757 390 2798 suem
401 2737 627 2800 institutionem
638 2741 737 2800 ncctae
751 2741 833 2815 sunt,
846 2739 889 2799 ita
900 2741 1028 2816 possent
1040 2738 1100 2798 dis-

171 2829 295 2908 tingui:

213 2921 348 2982 APaulo
362 2923 403 2982 ιιι
421 2921 561 2982 instituta
586 2922 644 2984 suit
664 2923 864 3002 congregatio
888 2941 959 3003 quae
985 2922 1100 2985 dicitur

173 3013 280 3076 Sancti
291 3012 405 3094 Officii,
421 3015 671 3076 seuuniversalis
681 3019 712 3076 et
721 3035 875 3095 supremae
887 3015 1100 3096 Inquisitionis

173 3109 281 3168 contra
296 3106 476 3168 hereticam
489 3107 686 3184 pravitatem.

212 3199 305 3260 APio
317 3201 368 3278 lv,
386 3201 587 3280 congregatio
605 3219 675 3280 queo
696 3202 809 3264 dicitur
825 3202 959 3279 Caecilii,
980 3221 1034 3263 seu
1057 3203 1098 3263 ad

172 3291 386 3354 executionem
399 3293 520 3354 concilii
535 3293 717 3356 Tridentini.

169 3433 172 3438 .
211 3386 285 3446 AS.
303 3385 357 3445 Pio
374 3386 415 3462 V,
438 3385 639 3465 congregatio
662 3386 791 3466 Indicio,
818 3407 874 3470 pro
903 3387 1097 3450 conficiendo

172 3479 203 3537 et
216 3476 425 3537 continuando
441 3477 582 3556 catalogo
595 3477 746 3542 librorum
759 3480 998 3560 prohibitorum.
