2546 4016
146 275 203 338 tar
354 289 582 337 rusr1rurroucs
603 289 686 336 runis
709 286 863 335 canonici.

188 431 260 495 Con.
280 434 317 494 II.
343 433 465 512 Legolis
489 433 774 495 autemauctoritas
798 429 1082 510 Extravagantium
1132 497 1134 499 ,

145 531 214 588 tum
235 525 365 588 loannis
387 529 481 605 XXII,
507 531 574 588 tum
599 525 823 602 communium,
854 525 940 585 nulla
967 527 1024 601 est,
1054 524 1081 584 si

147 619 363 682 tantummodo
374 619 406 679 in
419 620 528 681 ordine
541 620 582 680 ad
597 618 776 700 hujusmodi
790 617 988 678 collectiones
1003 635 1083 678 oon-

148 713 316 786 sideretur3
332 713 387 772 sed
398 731 470 774 oum
481 714 623 775 constent
632 711 776 792 genuinis
786 714 817 772 at
829 709 957 772 sinceris
968 729 1082 772 monu-

147 804 271 882 mentis,
280 805 437 866 communi
449 803 628 868 scholarum
637 807 668 866 et
674 803 866 885 judiciorum
874 822 932 864 usu
943 807 1080 882 receptae

148 900 231 960 sunt.

515 1046 644 1108 CAPUT
666 1046 718 1106 111.
754 1105 756 1110 .

451 1219 489 1262 DE
503 1219 577 1263 IURE
600 1218 772 1266 NOVISSIIIO.

185 1362 209 1422 I.
228 1363 349 1422 Novam
363 1353 582 1424 collectionum
595 1362 675 1442 juris
691 1361 891 1424 ecclesiastici
913 1361 1079 1442 periodum
1166 1393 1173 1406 ι

146 1453 248 1531 aperit
273 1455 440 1516 concilium
464 1455 696 1532 Tridentinum,
734 1455 818 1535 quod
851 1473 932 1516 anno
957 1458 1034 1515 1545
1061 1473 1081 1514 a

146 1547 242 1608 Paulo
255 1548 295 1608 III
311 1552 527 1625 convocatum,
540 1568 559 1609 a
573 1549 654 1612 Iulio
672 1550 712 1610 III
724 1548 950 1624 contiuuatum‚
965 1547 1079 1608 deiude

148 1640 206 1700 suh
219 1640 273 1701 Pio
289 1643 341 1718 IV,
359 1661 431 1704 ann.
449 1645 537 1719 1563,
554 1645 592 1704 25
605 1641 793 1702 sessionibus
812 1640 943 1702 feliciter
955 1639 1080 1702 ahsolu-

148 1735 283 1795 tumeat.
299 1736 378 1794 Nam
388 1735 515 1796 decreta
533 1753 602 1814 quae
617 1733 797 1814 hujusmodi
813 1733 980 1818 concilium
996 1751 1080 1794 oecu-

17 1849 20 1856 ·
148 1826 306 1887 monicum
332 1828 461 1905 protulit
481 1831 549 1888 tum
572 1826 677 1906 quoad
707 1829 829 1904 perlem
854 1826 1076 1905 dogmaticam,

114 1979 116 1984 .
148 1921 216 1979 tum
236 1919 340 1997 quoad
355 1923 477 1996 partem
492 1919 735 1997 disciplinarem,
753 1919 798 1980 lta
811 1918 1015 1998 aequantibus
1039 1921 1076 1979 R.

150 2009 350 2071 Pontificibus
361 2011 428 2072 visa
435 2015 509 2084 aunt
517 2014 704 2091 opportuna,
713 2015 781 2072 tum
792 2012 973 2072 adhaercses
984 2029 1079 2072 nova-

149 2106 254 2164 torum
263 2104 510 2181 confundendae,
523 2108 591 2166 tum
606 2105 646 2164 ad
657 2105 772 2165 abusus
784 2104 974 2165 coercendos
986 2102 1080 2164 disci-

149 2195 242 2274 plinae
258 2197 486 2275 ecclesiastica,
504 2201 538 2259 ut
557 2198 772 2276 potiusquam
789 2197 877 2258 novis
892 2197 1079 2258 elucubran-

95 2320 96 2326 κ
150 2287 198 2347 dis
213 2289 447 2350 collectionibus
460 2308 588 2368 operam
602 2289 723 2366 darent,
734 2289 921 2351 studuerunt
929 2289 1078 2368 lagItimae

149 2381 395 2460 interpretationi
407 2383 594 2444 etcustodIae
608 2400 717 2443 eorum
729 2400 798 2462 quae
809 2383 842 2442 in
850 2382 935 2445 Trid.
949 2381 1080 2442 definita

150 2477 232 2536 sunt.

190 2568 279 2630 Unde
293 2568 407 2630 sciurus
423 2569 526 2648 ipsum
538 2569 628 2630 Pium
641 2571 682 2632 IV
696 2568 891 2631 constituisse
907 2569 1079 2648 quamdam

42 2697 43 2702 κ
151 2661 427 2740 congregationem
438 2661 710 2742 cardinaliumpro
727 2661 869 2722 custodia
884 2679 993 2722 eorum
1008 2679 1078 2742 quae

150 2753 182 2813 in
205 2772 292 2815 conc.
316 2753 401 2814 Trid.
423 2754 543 2814 sancita
558 2759 640 2832 sunt,
663 2756 712 2816 cui
728 2755 832 2816 Sintus
852 2757 878 2815 V
897 2755 1079 2816 facultatem

151 2845 245 2906 etiam
258 2845 486 2924 interpretandi
502 2848 667 2908 concilium
681 2847 821 2910 contulit.

191 2941 387 3018 Quapropter
408 2939 432 3000 si
448 2941 693 3019 praescindamus
712 2941 884 3020 aquodam
899 2942 952 3004 VII
967 2943 1079 3002 Decre-

151 3033 260 3094 talium
275 3033 359 3112 quod
374 3049 561 3112 componere
572 3029 803 3095 meditatueest
818 3033 985 3112 Gregorius
996 3035 1076 3110 XIII,

150 3126 280 3204 perfecit
299 3125 403 3188 SIxtus
423 3128 460 3204 V,
483 3126 610 3186 demum
632 3125 730 3187 edidit
754 3127 895 3189 Clemens
919 3129 998 3203 VIII,
1021 3126 1078 3186 sub

151 3219 276 3278 nomine
288 3219 419 3299 Septimi
426 3219 635 3294 Decrctollnm,
651 3220 738 3280 nulla
759 3219 821 3280 alia
839 3219 898 3280 fuit
919 3238 976 3298 par
997 3219 1079 3278 hanc

150 3311 315 3390 periodum
330 3312 481 3390 canonica
493 3311 646 3389 collaudo,
671 3331 740 3391 quae
763 3312 841 3391 legis
863 3311 1080 3373 auctoritatem

150 3403 294 3467 obticuit.
321 3406 387 3465 Imo
408 3405 476 3466 haee
495 3405 563 3484 ipsa
582 3405 686 3466 statim
708 3423 744 3465 ae
768 3405 871 3465 edicta
884 3404 951 3480 fuit,
968 3403 1079 3464 eadem

152 3495 337 3559 auctoritate
359 3497 537 3576 pontificia,
561 3497 741 3560 immediate
763 3515 930 3577 suppressa
948 3496 1015 3573 fuit,
1039 3515 1078 3556 ne
