2484 4016
171 273 230 334 296
383 283 613 334 rnsrrrurronns
633 288 716 334 euers
738 288 892 336 canourcr.

172 431 301 494 dinariis
316 431 532 493 defensoribus
554 435 586 494 et
604 431 764 494 advocatis
783 433 847 492 suis
863 451 940 514 quos
964 432 1103 494 Ecclesia
1218 435 1219 438 ’

172 525 301 606 agnovit
311 525 342 584 in
355 525 533 606 principum
546 525 721 606 majestate.
770 536 773 538 ’
1218 585 1219 622 ἱ

213 618 245 680 Si
266 636 369 678 sermo
393 618 433 680 sit
457 619 495 678 de
520 618 680 680 advocatis
697 619 790 696 primi
808 619 943 698 generis,
962 637 1042 699 quos
1055 638 1104 680 ex·
1218 623 1219 628 ’

171 710 397 774 traordinarios
412 711 486 787 dixi,
499 729 634 790 quorum
647 713 790 790 exempla
800 712 952 772 habemns
968 711 1104 790 plurima

171 807 227 867 Vl⁰
242 806 273 865 et
284 805 354 866 Vll⁰
369 804 499 880 seculo,
515 821 612 884 quum
626 823 676 864 ras
690 803 812 865 romani
838 803 961 882 imperii
980 805 1013 864 in
1031 823 1105 884 pes-

172 897 286 959 simum
318 896 395 973 ibat,
427 897 477 957 vel
509 896 711 976 sequentibus
735 897 857 957 saecnlis
890 897 930 958 ob
959 898 1104 975 politicas

172 989 400 1052 vicissitudines
411 1007 481 1069 quae
494 989 652 1068 Europam
666 990 843 1066 turbarunt,
858 1009 911 1050 eos
924 990 990 1050 sine
1007 989 1103 1052 dubio

168 1083 241 1165 jure
256 1081 466 1143 ecclesiastico
478 1081 580 1143 dicam
596 1082 690 1142 fuisse
703 1081 862 1143 institutos
878 1086 1031 1164 tanquam
1050 1083 1106 1144 ad-

172 1177 299 1237 vocatos
315 1175 346 1234 et
360 1174 540 1236 defensores
553 1175 711 1252 Ecclesiae,
731 1193 788 1235 neo
808 1175 840 1234 in
853 1175 913 1237 hoc
927 1176 992 1236 ulla
1003 1180 1106 1255 potest

173 1286 240 1330 esse
270 1266 434 1328 dubitatio.
461 1269 557 1328 Erant
583 1267 615 1327 hi
641 1270 676 1328 ut
698 1267 868 1346 plurimum
887 1269 1018 1348 privatae
1036 1287 1105 1348 per·

173 1379 270 1439 sones,
289 1360 456 1440 aliquando
481 1360 575 1421 etiam
592 1360 719 1420 familiae
733 1364 916 1440 magnatum
929 1365 960 1423 et
973 1362 1106 1441 optima-

172 1458 251 1531 tum,
278 1453 391 1533 quibus
417 1452 565 1515 Ecclesiae
587 1453 827 1516 committebant
846 1473 953 1515 rerum
977 1473 1104 1516 suarum

174 1546 398 1609 defensionem.

213 1641 265 1701 Vl.
284 1639 346 1701 Sed
360 1639 386 1700 si
399 1657 500 1702 sermo
525 1639 565 1700 sit
588 1639 637 1700 de
649 1639 814 1708 ordinariis
839 1640 1056 1701 defensoribus
1077 1642 1107 1700 et

174 1731 345 1810 advocatis,
361 1732 470 1812 quales
481 1731 578 1811 agniti
588 1731 737 1813 suntjure
750 1732 958 1795 ecclesiastico
974 1733 1107 1812 impera·

173 1829 258 1888 tores
274 1824 446 1902 christiani,
462 1826 568 1905 aliqua
581 1829 685 1904 potest
704 1845 772 1886 esse
794 1825 976 1887 difficultas:
995 1843 1035 1887 an
1048 1827 1106 1888 hoc

170 1919 224 2000 jus
247 1918 435 1979 defendendi
457 1919 630 1980 Ecclesiam
645 1919 704 1997 ipsi
719 1917 888 1980 habuerint
905 1920 1106 1982 connaturale

174 2011 354 2092 majestati?
366 2013 415 2072 vel
436 2030 475 2072 ex
493 2011 641 2072 Ecclesiae
656 2011 860 2094 deputatione
874 2011 1012 2090 primum
1028 2012 1107 2074 obti-

175 2103 297 2166 nuerit?
319 2105 358 2166 Et
379 2104 507 2184 quidem
527 2105 668 2183 pluribus
683 2104 801 2184 placuit
824 2123 965 2166 asserere
980 2105 1042 2166 hoc
1056 2105 1127 2185 jus

175 2197 267 2258 unice
280 2215 318 2258 ex
333 2197 529 2276 delegatione
539 2199 687 2260 Ecclesia
698 2197 886 2278 acquisitum
893 2197 999 2260 fuisse.
1013 2198 1108 2270 Quid-

177 2289 252 2370 quid
263 2289 344 2370 juris
357 2289 518 2368 potuerint
531 2289 649 2351 habere
664 2290 821 2370 principes
842 2291 873 2350 in
893 2290 1019 2369 negotio
1036 2291 1109 2351 reli-

177 2382 279 2462 gionis
289 2386 344 2444 aut
355 2383 536 2445 defensioue
552 2383 710 2460 Ecclesiae,
727 2383 760 2444 id
774 2387 842 2446 erat
856 2383 983 2445 omuino
999 2383 1109 2445 condi-

176 2476 342 2554 tionatum,
378 2480 532 2556 quatenus
563 2495 626 2538 nou
659 2476 769 2538 aderat
801 2477 907 2556 aliqua
940 2477 1109 2538 auctoritas

176 2568 344 2648 peculiaris
379 2589 398 2631 a
430 2571 494 2631 Deo
522 2567 666 2631 instituta
687 2587 756 2650 quae
784 2569 843 2630 hoc
871 2587 985 2631 munus
1013 2569 1110 2631 habe-

177 2666 236 2726 ret.

218 2756 332 2818 Ablata
347 2756 525 2818 conditione
541 2755 599 2817 sub
612 2774 675 2835 qua
685 2755 761 2816 illud
773 2755 941 2834 habebant,
959 2759 990 2818 et
1006 2756 1109 2834 ipsum

174 2849 227 2932 jus
239 2849 365 2910 corruit.
383 2849 472 2923 Unde
487 2867 550 2910 uon
563 2848 622 2910 nisi
638 2867 676 2909 ex
689 2849 885 2929 delegatione
900 2849 1110 2911 ecclesiastica

178 2945 335 3025 profluere
348 2942 459 3022 potuit.

220 3035 281 3098 Sed
306 3034 379 3097 huic
406 3036 567 3098 sententiae
587 3053 649 3096 non
670 3034 929 3096 subscribendum
951 3038 1007 3097 est.
1034 3037 1111 3097 Cum

179 3129 351 3191 maximum
373 3128 471 3190 civilis
500 3128 656 3191 societatis
677 3129 795 3189 bonum
822 3127 931 3209 religio
954 3129 1004 3206 sit,
1027 3129 1109 3189 nullo

179 3225 271 3302 paeto
296 3222 410 3302 suscipi
431 3222 532 3301 potuit
550 3221 698 3300 principis
722 3220 868 3301 majestas
891 3225 1043 3301 tanquam
1066 3222 1110 3282 in-

181 3315 327 3376 differens
339 3315 442 3395 quoad
460 3315 566 3396 populi
581 3314 765 3394 religionem
777 3314 842 3375 sive
857 3317 944 3392 ante,
961 3315 1026 3376 sive
1041 3317 1111 3394 post

180 3406 328 3468 Ecclesiae
359 3407 577 3469 fundationem
608 3407 833 3469 consideretur.
864 3409 1034 3485 Propterea
1061 3408 1111 3489 jus

181 3497 392 3575 prospiciendi
402 3499 544 3577 religioni
554 3501 672 3581 proprii
681 3503 779 3560 status
788 3519 851 3561 non
864 3500 1110 3572 conditionatum
