2484 4016
391 305 394 310 .
415 234 455 318 on
476 272 605 321 opsecro
625 275 709 322 mars
730 273 886 344 caucium.
1060 265 1117 327 297

184 419 240 480 sed
255 417 434 480 absolutum
447 420 504 481 est.
521 421 595 481 Post
609 419 836 482 inst‘tutionem
854 423 958 482 autem
971 421 1117 485 Ecclesia

182 531 243 573 non
263 511 348 572 idem
367 529 495 590 prorsus
514 512 568 592 jus
591 513 708 574 habere
723 515 826 592 potuit
840 532 934 594 quam
955 519 1039 576 ante.
1057 515 1118 576 La-

183 605 338 666 tissimum
350 608 422 666 ante
436 604 664 667 institutionem
679 607 847 668 Ecclesiae:
866 607 1036 670 dummodo
1052 609 1119 669 eul-

185 700 233 758 tus
248 717 268 758 a
283 701 347 759 Deo
361 698 564 776 prescriptos
578 698 649 760 talis
668 703 750 760 esset
764 700 816 780 qui
834 700 948 761 divinis
960 701 1117 764 attributis

185 791 372 852 conveniens
382 797 460 868 erat,
469 795 584 852 caetera
594 793 699 854 omnia
711 810 780 872 quae
788 793 828 853 ad
840 793 1037 872 disciplinam
1047 814 1117 873 per-

183 883 290 958 tinent,
303 883 383 945 forte
391 884 544 962 potuisset
553 885 742 946 suasaneire
750 885 948 947 auctoritem.
963 887 1117 966 Scdpost·

185 993 279 1055 quam
291 993 312 1036 a
326 978 390 1038 Deo
406 976 542 1056 positiva
555 978 702 1057 quedam
716 977 824 1058 religio
837 978 978 1039 instituta
991 980 1118 1040 univer-

184 1069 256 1129 salis
266 1070 440 1147 perorbem
450 1069 490 1130 ad
498 1069 782 1149 instarreipublicae
790 1071 1118 1150 fundataest‚propria

184 1161 324 1240 gaudeus
335 1161 530 1239 auctoritate,
549 1161 707 1243 objectum
721 1163 813 1243 hujus
828 1164 909 1244 juris
929 1165 1116 1246 majestatici

184 1255 223 1316 ad
232 1255 266 1315 id
281 1255 523 1317 determinatum
536 1261 582 1316 est
597 1260 631 1317 ut
640 1256 693 1337 jus
708 1257 785 1318 illud
798 1276 861 1319 non
874 1259 972 1336 possit
981 1259 1116 1338 amplius

184 1348 320 1409 exerceri
353 1348 414 1409 nisi
446 1349 638 1427 recipiendo,
669 1351 896 1428 conservando,
922 1352 1116 1430 protegendo

183 1441 263 1502 hanc
278 1441 380 1520 ipsam
393 1441 776 1505 divinaminstitutioncm.
787 1444 826 1505 Et
835 1442 1000 1522 (siquidem
1010 1444 1117 1506 divina

184 1534 314 1613 requirit
336 1533 488 1596 institutio
504 1540 539 1597 ut
553 1538 679 1597 omnino
696 1540 843 1605 αυτόιομα
857 1537 897 1599 sit
911 1540 943 1597 et
965 1536 1116 1615 indepen-

184 1627 270 1706 dens)
283 1645 345 1688 non
359 1631 462 1706 potest
473 1628 584 1689 melius
594 1629 655 1690 hoc
664 1629 717 1710 jus
731 1649 877 1692 exercere
892 1647 988 1708 quam
1002 1647 1116 1709 procu-

185 1720 282 1782 rando
296 1721 512 1782 omnimodam
535 1722 682 1783 Ecclesiae
707 1723 905 1796 libertatem3
929 1722 1000 1784 ideo
1019 1723 1116 1783 resol-

185 1813 267 1874 vitur
297 1813 338 1874 in¹
360 1815 498 1876 cilicium
521 1815 673 1896 sequendi
695 1813 879 1894 religionem
902 1816 988 1876 illam
1012 1833 1030 1874 a
1051 1816 1115 1876 Deo

184 1905 366 1984 institutam,
393 1926 456 1968 non
477 1911 583 1970 tamen
601 1915 755 1989 tanquam
777 1900 955 1988 singularis
968 1925 1113 1986 persona,

185 2000 238 2061 sed
260 2000 355 2061 etiam
376 1999 466 2062 sicuti
491 2003 649 2080 princeps,
668 2003 867 2080 procurando
882 2005 917 2064 ut
931 2021 950 2063 a
964 2001 1028 2063 suis
1042 2001 1116 2062 sub·

185 2092 255 2154 ditis
269 2093 440 2173 recipiatur
463 2099 494 2156 et
517 2095 721 2158 custodietur.
745 2098 819 2158 Haec
834 2096 873 2158 de
889 2095 1009 2175 origine
1021 2093 1115 2174 hujus

182 2203 270 2266 Jurrs.

464 2309 490 2350 ll.
501 2310 530 2348 lle
543 2308 645 2349 limitibus
658 2311 712 2357 luris
720 2311 841 2352 advocatiae.

222 2441 287 2504 Vll.
305 2439 498 2520 Principium
512 2441 658 2521 generale
672 2459 678 2499 :
692 2440 745 2521 jus
756 2441 931 2503 advocatiae
942 2441 1019 2501 nihil
1030 2441 1116 2502 aliud

184 2537 230 2601 est
242 2534 300 2596 nisi
311 2534 364 2616 jus
380 2534 579 2612 defendendi,
605 2533 714 2596 tuendi
730 2532 921 2608 Ecclesiam
947 2534 1029 2595 unde
1048 2534 1117 2596 haec

132 2663 133 2666 =
184 2631 358 2708 sequuntur
369 2627 552 2690 corollaria:

223 2737 254 2795 l⁰
266 2735 322 2796 Est
335 2734 454 2814 aliquid
468 2733 614 2796 Ecclesiae
629 2734 838 2796 extrinsecum
851 2731 935 2813 quod
944 2732 1116 2794 Ecclesiam

179 2828 246 2908 jam
259 2829 292 2888 in
308 2846 368 2901 suo·
384 2847 453 2889 esse
469 2827 670 2890 constitut-am
684 2827 850 2907 supponit;
875 2827 914 2886 de
929 2825 1117 2887 defensionis

182 2925 297 2984 natura
311 2925 404 2984 estut
416 2927 572 3001 supponet
591 2921 623 2984 id
638 2921 724 3002 quod
750 2922 808 2981 sub
821 2920 1001 2982 defensione
1020 2919 1113 2981 cadit.

182 3017 231 3076 Ad
244 3015 304 3077 hoc
320 3015 557 3093 exprimendum
567 3015 614 3076 usi
624 3019 699 3078 sunt
711 3017 833 3076 veteres
848 3013 975 3075 nominc
989 3013 1119 3092 episcopi

182 3109 308 3184 externi,
329 3127 390 3188 quc
412 3108 568 3186 principes
591 3107 752 3170 christiani
768 3107 936 3187 aliquando
961 3107 1116 3167 condeco-

183 3203 242 3266 rati
253 3205 336 3279 sunt,
347 3206 382 3265 ut
394 3202 603 3280 explicaretur
613 3202 739 3263 illorum
750 3200 887 3262 officium
898 3219 960 3260 non
971 3199 1062 3279 dirigi
1076 3199 1117 3260 ad

181 3296 338 3360 internam
359 3295 506 3356 Ecclesiae
524 3293 839 3368 administrationem,
863 3292 919 3353 sed
937 3296 1061 3353 tantum
1076 3291 1117 3352 ad

182 3390 243 3451 hoc
257 3391 293 3449 ut
307 3388 442 3450 exterius
454 3387 594 3449 Ecclesia
606 3405 626 3448 a
638 3385 801 3448 contrariis
814 3385 992 3446 incursibus
1008 3384 1116 3446 defeu-

183 3482 321 3544 deretur.

964 3584 1009 3640 lr*
1110 3590 1114 3598 '
