2546 4016
171 233 228 296 lsi
377 244 604 294 rusuruuonns
625 244 708 292 susis
730 240 884 290 cruorum.

540 419 581 472 sl.
598 428 726 460 susurri·
745 421 749 435 ⁶

210 551 261 613 lll.
286 553 370 628 Opus
390 551 519 629 incoepit
541 550 683 612 Laertius
707 505 912 623 Cherubinus,
937 561 1007 606 seeo.
1029 545 1105 604 XVI

172 644 255 724 (ann.
280 643 381 722 1586),
406 643 459 724 qui
480 648 555 723 quot
578 644 716 722 reperire
739 641 840 720 potuit
864 637 1105 700 constitutiones

171 739 207 798 n.
226 737 412 798 Pontificum
428 755 447 796 a
464 736 613 816 Gregorio
627 738 741 816 Magno
756 753 853 814 usque
871 733 911 793 ed
923 733 1044 793 Sixtum
1059 732 1099 808 V,

171 830 306 909 collegit,
324 829 439 909 quique
460 829 492 890 in
507 830 645 890 seeundo
656 829 759 908 operis
772 827 819 888 sui
836 825 982 902 editione,
999 841 1102 902 usque

171 922 212 984 ed
233 922 364 983 Paulum
389 923 426 998 V,
467 921 560 1002 hujus
583 921 774 984 collectionis
800 920 912 980 seriem
939 915 1096 997 produxit.

170 1014 381 1078 Meditebstnr
408 1033 486 1094 opus
514 1015 678 1094 prosequi;
709 1014 764 1076 sed
788 1017 888 1074 morte
921 1011 1100 1090 praeventus

170 1127 233 1170 nou
245 1108 277 1168 id
292 1111 442 1185 proestare
452 1108 564 1186 potuit.

210 1202 406 1278 Quapropter
431 1199 529 1278 ipsius
555 1199 654 1277 filins,
681 1201 820 1279 Angelus
854 1197 953 1260 Maria
981 1196 1100 1259 Cheru-

169 1291 271 1370 binus,
281 1292 453 1352 monachus
465 1293 668 1370 cassinensis,
686 1312 757 1354 saec.
773 1293 869 1368 XVII,
880 1291 917 1366 ⁴in
933 1293 1099 1368 paternum

170 1405 248 1466 opus
271 1385 424 1462 incubuit,
453 1385 592 1466 illudque
617 1390 801 1465 prosecutus
818 1383 917 1446 edidit
931 1381 1100 1442 Baliarium

170 1477 323 1558 Magnum,
337 1481 473 1556 quatuor
488 1481 634 1540 constans
648 1478 869 1553 voluminibus,
885 1474 1099 1556 quodpontifr·

171 1572 235 1634 cies
253 1571 488 1634 constitutiones
508 1591 606 1652 usque
623 1572 663 1632 ed
675 1571 927 1633 InnocentiumX
940 1567 1097 1648 produxit.

210 1667 326 1725 lterum
347 1665 434 1741 operi
456 1665 665 1726 incubuerunt
684 1665 746 1724 duo
770 1664 881 1724 fratres
902 1662 1039 1722 minores
1061 1660 1100 1720 de

169 1756 380 1832 observantia,
394 1757 532 1835 Angelus
544 1761 575 1818 et
589 1757 713 1834 Paulus
730 1756 783 1836 qui
798 1756 941 1836 quintum
953 1755 1100 1816 volumen

169 1847 358 1908 addiderunt
378 1848 515 1909 Bullario
535 1849 661 1927 Magno,
685 1849 823 1928 illudque
848 1867 926 1927 opus
945 1846 1101 1926 produxe-

168 1943 241 1999 runt
256 1957 355 2018 usque
370 1938 411 1998 ed
433 1939 669 2001 constitutiones
682 1940 857 2019 pontificias
874 1939 1041 2003 Clementis
1059 1940 1096 1998 X.

209 2031 272 2092 Sed
299 2029 440 2093 omnium
473 2033 659 2094 industriam
699 2033 859 2112 superavit
892 2033 1101 2108 Hieronymus

168 2123 369 2202 Meynsrdus,
387 2124 440 2203 qui
451 2125 624 2186 Bullsrium
638 2127 679 2186 sd
691 2126 928 2206 quatuordecim
941 2123 1101 2185 volumius

167 2216 324 2295 produxit,
354 2217 482 2294 prolatis
509 2218 780 2280 constitutionibus
806 2217 972 2298 pontificiis
1001 2233 1100 2294 usque

168 2309 208 2369 ed
240 2310 432 2369 Clementem
450 2312 515 2372 Xll.
541 2311 610 2372 Alio
632 2311 744 2372 deinde
774 2315 908 2390 quatuor
940 2307 1100 2370 volumina

168 2401 276 2463 addite
296 2406 369 2463 snut
383 2403 441 2462 sub
466 2402 591 2464 nomine
603 2403 731 2465 Bullarii
745 2403 905 2465 Benedicti
919 2403 1005 2474 XlV;
1030 2399 1099 2460 eliae

168 2494 282 2556 deinde
303 2495 479 2556 additiones
487 2496 518 2556 in
533 2497 598 2557 dies
613 2497 702 2557 factae
720 2500 793 2557 sunt
807 2496 894 2557 abiis
909 2495 961 2575 qui
974 2493 1098 2555 studue-

167 2591 241 2648 runt
262 2591 292 2649 et
309 2588 435 2649 student
454 2588 635 2667 colligendis
647 2589 918 2650 constitutionibus
932 2607 987 2649 seu
1005 2585 1098 2647 bullis

168 2680 367 2760 sequentium
382 2680 567 2742 Pontificum
580 2682 776 2761 Magnorum.

422 2837 432 2888 s
445 2840 472 2880 11,
486 2847 657 2882 romscrrosrs
670 2849 844 2882 eoscnronurr.

207 2971 259 3031 IV.
283 2968 401 3030 Eodem
415 2969 513 3030 ferme
534 2973 687 3050 tempore,
705 2990 766 3051 quo
785 2972 927 3034 Laertius
948 2969 1097 3034 Cherubi-

167 3081 227 3124 nus
240 3062 455 3124 delectabatur
469 3062 501 3122 in
507 3063 689 3143 colligendis
701 3064 793 3125 bullis
804 3058 981 3144 pontificiis,
993 3063 1097 3126 Merli-

168 3173 226 3214 nus
248 3155 417 3235 incipiebat
440 3154 655 3217 collectionem
670 3157 883 3220 conciliorum.
900 3161 968 3219 Duo
988 3156 1097 3236 hujus-

168 3247 253 3308 modi
280 3248 470 3314 collectionis
493 3249 653 3310 volumiua
678 3250 795 3325 edidit3
828 3251 954 3314 tertium
977 3247 1096 3311 eddidit

168 3343 278 3403 Petrus
298 3341 429 3418 Grabbe,
455 3345 601 3422 quartum
617 3362 691 3404 vero
705 3344 890 3405 Laurentius
906 3343 1025 3419 Surius,
1042 3340 1095 3421 qui

170 3451 277 3495 omnes
288 3434 401 3494 saeculo
415 3436 483 3501 XVI
496 3436 679 3497 floruerunt.
