2512 4012
278 335 282 341 Ι
380 267 418 310 uu
440 266 568 313 caruero
590 269 673 314 runis
696 267 851 314 cenorum.
1023 259 1081 318 209

186 412 219 469 6⁰
232 411 306 470 Haec
316 411 486 473 auctoritas
495 413 670 491 praesertim
681 412 711 471 in
723 413 889 474 Occidente
904 413 1008 492 quoad
1018 433 1085 473 ver-

145 501 223 562 hum
241 507 272 562 et
295 504 422 563 nomine
440 504 572 566 honoris
592 506 719 584 quidem
735 506 894 580 remansit,
912 507 967 566 sed
982 507 1085 584 quoad

142 593 216 673 jura
224 595 290 654 fere
300 597 453 658 exstincta
468 602 524 674 est,
542 602 672 676 excepta
688 599 728 658 ad
743 618 901 659 summum
916 599 1085 676 archiepis·

145 688 249 765 eopali
279 689 442 767 dignitate,
470 691 559 770 eujus
578 691 653 771 jure
680 692 785 770 aliqua
815 691 847 750 in
869 696 958 770 parte
983 693 1086 752 adhue

146 785 362 859 perseverant.
394 785 548 844 Caeterum
579 784 683 863 potius
712 783 840 844 honoris
872 784 952 844 tituli
991 803 1085 863 quam

145 874 228 934 tituli
242 893 326 935 rerae
339 875 567 954 jurisdictionis
581 877 654 937 facti
677 881 749 937 sunt
770 876 801 935 hi
816 876 932 955 gradus
952 877 1087 938 auotori-

145 966 1085 1047 tatis.Hujusimminutionisoausaefueruntmagnaexparte

146 1059 323 1138 legationes
346 1061 524 1139 apostolicae
552 1081 621 1140 quae
656 1061 853 1141 sequioribus
889 1061 1084 1140 temporibus

147 1152 363 1229 obtinuerunt,
382 1155 420 1214 de
436 1154 548 1234 quihus
561 1155 652 1215 inira.

147 1311 175 1353 11.
191 1313 223 1352 Do
244 1310 347 1365 gradibus
358 1311 550 1367 supreepiseopalis
562 1311 670 1368 dignitatis
684 1311 720 1365 qui
734 1313 799 1356 cerfis
811 1312 897 1355 sedibus
913 1325 954 1356 non
968 1312 1085 1363 inhaerent,

531 1391 569 1420 seu
581 1379 609 1422 de
623 1378 706 1434 legatis.

191 1516 286 1577 XVII.
310 1516 382 1576 Jam
397 1515 450 1575 diu
467 1517 506 1577 ab
526 1516 728 1596 antiquitate,
755 1533 853 1595 quum
878 1533 941 1576 non
958 1520 1086 1593 possent

148 1607 283 1670 Romani
299 1608 464 1669 Pontifices
478 1627 579 1687 perse
593 1611 756 1670 consulere
767 1609 911 1669 omnibus
925 1608 1085 1668 eeclesias-

148 1702 220 1762 tieis
243 1699 376 1779 negotiis
402 1709 471 1780 quae
487 1704 597 1782 procul
622 1703 661 1762 ah
676 1703 754 1763 urbe
778 1700 1011 1780 contingebant,
1028 1719 1086 1760 nee

149 1815 207 1874 per
231 1795 457 1855 institutionem
474 1796 631 1874 graduum
651 1794 843 1873 metropolis,
865 1793 1019 1872 primatus
1035 1794 1085 1853 vel

145 1887 378 1967 patriarchatus
394 1887 467 1947 huie
484 1888 559 1948 satis
574 1887 735 1966 provisum
757 1906 825 1947 esse
847 1887 1010 1946 videretur
1029 1904 1085 1944 ne·
1120 1953 1123 1962 ¹

150 1979 300 2054 cessitati,
322 1985 554 2041 consueverunt
579 1981 647 2040 aliis
664 1979 738 2040 viris
758 1999 872 2040 munus
890 1978 1085 2040 committere

150 2073 415 2152 repraesentanda
429 2073 595 2151 pontificiae
614 2073 783 2151 dignitatis.

192 2166 282 2227 Unde
298 2165 350 2244 qui
369 2166 430 2225 hoo
446 2184 576 2225 munere
596 2165 809 2244 fungebantur
832 2163 923 2242 legati
936 2162 1089 2244 apostolici

151 2259 225 2320 dicti
241 2263 332 2330 sunt;
363 2277 497 2336 quorum
520 2258 706 2336 multiplices
726 2257 936 2318 institutiones
960 2256 1002 2316 ad
1023 2255 1085 2316 duo

151 2370 270 2433 genera
298 2351 398 2412 solent
428 2351 569 2420 revocari
590 2372 595 2412 :
618 2351 667 2411 vel
696 2347 1086 2410 enimextraordinariam

151 2443 477 2524 geruntlegationem,
489 2443 539 2504 vel
548 2442 738 2502 ordinariam
758 2461 764 2500 :

193 2537 223 2597 Γ
252 2535 503 2596 Eetroordinorii
532 2536 624 2614 lopati
647 2535 690 2594 illi
712 2535 785 2594 sunt
806 2531 858 2611 qui
889 2530 1015 2609 speciali
1036 2532 1087 2590 vel

153 2629 403 2691 extraordinario
425 2629 575 2689 mandato
596 2627 765 2688 mittuntur
787 2625 827 2685 ad
854 2622 1087 2702 procurandum

152 2722 281 2801 aliquod
320 2721 481 2800 negotium
512 2720 757 2781 ecclesiasticum
800 2735 872 2778 cum
903 2714 1086 2776 auctoritate

152 2813 430 2893 supraepiscopali.
452 2816 515 2874 Hos
534 2832 642 2874 omnes
670 2829 854 2872 enumerare
875 2827 955 2888 pene
971 2808 1087 2887 impos-

153 2907 242 2968 sihile
256 2910 316 2982 est,
333 2906 438 2984 prouti
463 2906 654 2984 impossihile
669 2903 901 2984 quodammodo
918 2905 964 2962 est
978 2919 1087 2960 recen-

152 3019 221 3060 sere
236 2999 342 3059 omnia
356 2999 529 3077 peculiaria
545 2998 693 3076 adjuncta
707 3015 775 3075 quae
791 2992 970 3073 hujusmodi
986 2994 1087 3052 extra-

153 3091 329 3153 ordinarias
343 3091 543 3169 postularunt
554 3089 736 3169 legationes.

194 3184 318 3246 Scimus
338 3183 507 3262 aliquando
524 3182 635 3242 missos
658 3182 753 3241 fuisse
766 3179 886 3258 legatos
901 3175 1087 3253 apostolicos

152 3278 193 3351 ad
210 3276 344 3337 concilia
359 3295 414 3336 seu
427 3275 597 3354 generalia,
615 3292 670 3334 seu
682 3270 892 3351 particularia,
909 3273 944 3330 ut
955 3268 1086 3328 Romani

154 3368 316 3440 Pontificis
332 3368 457 3430 nomine
477 3367 538 3427 illis
547 3368 736 3444 praeessent3
758 3364 832 3422 item
854 3363 894 3423 ad
916 3359 1086 3423 visitandas

155 3461 322 3538 Ecclesias,
335 3460 450 3540 prouti,
464 3479 494 3520 v.
507 3479 537 3539 g.
554 3461 662 3519 Petrus
677 3455 846 3516 Damianus
861 3473 932 3518 seeo.
947 3457 987 3514 X⁰
1002 3451 1086 3529 apud

935 3558 980 3613 ta*
