2546 4016
180 271 236 332 las
390 277 618 327 rxsrrrurrouns
639 275 721 326 rums
742 275 907 326 cincinno

218 429 284 488 Vll.
309 424 480 487 Summorio
504 424 650 485 dicuntur
674 424 819 504 qnaedam
846 423 958 482 breves
986 417 1108 500 periodi

181 541 250 602 quae
265 518 477 581 inscribuntur
491 535 586 596 supra
600 516 722 596 singula
736 515 839 594 capita
854 532 924 594 quae
939 514 997 575 sub
1012 513 1109 574 variis

179 612 310 675 rubricis
327 610 536 687 continentur,
553 613 588 670 ut
602 609 781 670 summatim
795 611 973 688 proponant
992 608 1043 668 vel
1057 625 1110 668 os-

179 706 310 768 tendant
333 704 391 765 sub
416 703 508 765 unico
536 706 664 782 aspectu
690 702 875 764 sententiam
902 699 1109 780 principalem

181 816 337 861 canonum
353 798 404 859 vel
418 797 566 875 capitum.
588 798 661 856 Haec
682 815 772 872 vero,
797 798 890 874 prout
908 813 978 875 quae
1003 812 1111 856 acces·

179 894 287 954 serunt
296 890 398 953 studio
409 889 603 968 privatorum
615 888 655 949 ad
665 887 903 948 illustrationem
915 887 1111 967 singulorum

180 985 317 1066 capitum
331 1031 339 1061 ‚
356 983 475 1044 nullam
489 983 607 1043 habent
621 981 839 1043 auctoritatem
850 981 994 1060 legalem.

219 1079 299 1142 Vlll.
324 1076 432 1140 Glccsoe
456 1073 602 1136 dicuntur
625 1074 770 1154 quaedam
796 1075 1021 1136 commentaria
1052 1093 1110 1136 seu

180 1170 451 1250 interpretationes
466 1187 536 1247 quae
551 1168 583 1227 in
599 1167 734 1246 antiquis
754 1167 942 1230 editionibus
962 1167 1109 1247 Corporis

175 1264 255 1346 juris
267 1262 408 1324 canonici
421 1266 624 1322 recensentur
635 1261 667 1320 in
679 1261 1106 1340 margineDecretiGratiani‚

179 1355 388 1418 Decretalium
416 1357 508 1434 Greg.
533 1356 590 1432 lX,
613 1353 697 1416 Sexti
722 1357 753 1414 et
776 1354 1041 1416 clementinorum
1070 1371 1110 1415 ea

179 1453 282 1512 mente
297 1452 332 1510 ut
346 1449 506 1510 declarent
520 1448 569 1509 vel
583 1448 700 1524 verba,
717 1447 767 1508 vel
782 1447 952 1510 sententias
969 1447 1111 1527 singulo-

178 1562 249 1604 rum
262 1542 411 1621 capitum.

219 1637 282 1699 Sed
305 1653 350 1696 eae
377 1635 471 1697 etiam
493 1654 555 1696 non
578 1635 695 1696 habent
718 1635 777 1696 nisi
797 1635 936 1714 privatos
951 1637 1114 1716 auctores,-

179 1747 313 1810 quorum
329 1729 355 1790 si
371 1728 477 1807 aliqua
489 1728 549 1790 fnit
563 1728 768 1806 existimatio,
785 1729 910 1808 qnando
932 1729 1034 1790 infans
1057 1729 1108 1789 vel

180 1824 361 1886 adolescens
383 1825 465 1882 esset
473 1820 553 1902 juris
568 1822 735 1901 prudentia
749 1821 910 1900 canonica,
927 1821 1021 1884 hodie
1035 1826 1108 1901 post

181 1915 360 1996 hujusmodi
383 1913 555 1992 disciplinae
582 1933 801 1994 progressum,
829 1916 948 1976 nnllam
974 1915 1108 1994 amplius

181 2008 321 2070 obtinere
332 2010 464 2087 possunt
477 2007 706 2070 auctoritatem.
726 2009 815 2071 Unde
836 2008 869 2068 in
884 2008 1110 2071 recentioribus

181 2101 369 2163 editionibus
384 2119 446 2162 non
461 2100 594 2180 amplius
609 2091 818 2180 reperiuntur.

220 2197 272 2256 IX.
296 2193 467 2255 Additiooes
491 2193 636 2273 quadam
662 2195 752 2256 factae
776 2196 904 2257 fuerunt
929 2195 979 2257 vel
1007 2195 1110 2257 studio

181 2291 392 2350 correctorum
406 2304 609 2349 romanorum
623 2288 654 2348 in
673 2290 803 2350 Decreto
819 2287 968 2362 Gratiani3
985 2286 1111 2368 illaque

180 2382 281 2444 solent
293 2380 446 2442 distinctis
461 2381 671 2442 caracteribus
686 2377 799 2459 notari,
812 2400 849 2443 eo
861 2383 923 2443 fine
936 2385 971 2442 ut
980 2381 1112 2461 quilibet

56 2512 59 2522 ·
180 2474 277 2554 possit
291 2494 328 2535 ex
342 2473 379 2535 iis
392 2473 538 2553 colligere
554 2492 680 2535 sensum
695 2475 745 2536 vel
759 2475 977 2537 auctoritatem
999 2493 1112 2536 monu-

180 2570 358 2629 mentorum
373 2585 443 2647 quae
458 2567 490 2627 in
504 2567 649 2628 Gratiano
664 2568 852 2630 referuntur.

221 2659 434 2722 Decretalibus
450 2679 525 2721 vero
541 2661 682 2739 Gregorii
697 2663 754 2738 IX,
770 2660 915 2742 quadum
934 2661 1110 2723 additiones

181 2755 367 2816 factasunt
394 2753 497 2814 studio
526 2753 651 2815 Antonii
676 2754 775 2816 Gontii
799 2755 876 2816 Galli
898 2759 929 2816 et
953 2754 1109 2815 Francisci
1138 2743 1141 2750 ⁴

182 2845 281 2906 Venia
294 2845 435 2924 Hispani,
445 2845 498 2925 qui
510 2864 548 2906 ex
558 2846 766 2908 anterioribus
779 2847 987 2910 Decretalium
1000 2847 1111 2910 collec-

180 2938 317 3002 tionibus
341 2942 491 3000 curarunt
514 2939 677 3000 extrahere
710 2939 832 3019 integra
860 2941 1011 3020 rescripta
1039 2957 1109 3020 quae

181 3036 303 3094 tantum
324 3031 467 3093 mutilata
492 3031 648 3094 habentur
669 3032 700 3092 in
724 3034 957 3112 Decretalibus‚
980 3037 1015 3097 ut
1040 3033 1123 3114 quis·

180 3125 291 3186 melius
314 3127 531 3188 contextorum
557 3125 695 3204 capitum
722 3125 821 3204 possit
846 3128 1107 3189 animadvertere.

182 3218 245 3280 Sed
262 3218 440 3300 hujusmodi
460 3219 635 3280 additiones
653 3236 760 3280 omnes
784 3220 875 3281 utiles
897 3221 1024 3301 quidem
1038 3223 1111 3282 sunt

181 3311 222 3372 ad
249 3310 433 3373 illustranda
470 3316 692 3389 monumenta,
722 3313 840 3374 nnllam
867 3332 940 3375 vero
975 3314 1110 3394 legalem

182 3404 299 3466 habent
321 3405 555 3484 auctoritatem,
575 3424 630 3468 seu
653 3405 713 3466 illis
733 3406 818 3467 nullu
836 3407 915 3487 legis
939 3406 1109 3471 auctoritas

181 3515 321 3588 unquam
335 3498 475 3562 accessit.
768 3519 773 3530 ·
