2546 4016
191 255 229 318 92
401 267 631 316 Insnrurlouns
651 268 733 314 sums
756 266 910 313 canorum.

190 411 298 474 lanum
324 411 545 491 appellaretur.
572 414 638 472 Hoc
663 413 769 471 autem
783 409 954 470 ¹concilium
976 408 1131 470 habitum

191 505 249 567 fuit
262 504 367 565 animo
381 503 546 583 supplendi
561 503 700 564 defectus
715 502 836 563 concilii
848 503 885 563 Vi
900 505 931 562 01
944 503 1009 575 Vli;
1024 521 1131 582 gene·
1151 520 1155 526 ·

190 597 614 679 raliteretiamquiciscrtum,
631 596 683 658 vel
695 595 862 678 quinisexto
875 593 1011 674 synodus,
1028 613 1128 656 vcca-

190 693 328 753 tumeat.
611 752 614 758 ,

230 787 304 846 Ηο00
325 785 465 846 001100110
487 785 556 864 plus
571 785 675 846 minus
691 786 813 845 constat
836 780 1033 843 documentis
1053 798 1126 840 om-

191 877 282 938 nihus
298 878 411 958 quibus
424 881 568 941 constant
580 878 763 952 anteriores
786 875 931 936 videlicet
948 894 954 934 :
971 877 1009 935 85
1025 891 1124 934 canc-

189 970 281 1031 nibus
315 971 543 1050 apcstolorum;
571 971 684 1031 deinde
719 968 890 1030 canonibus
915 966 1121 1028 conciliorum

190 1063 405 1140 orientalium,
427 1064 539 1143 quibus
558 1063 672 1125 additae
699 1066 771 1124 sunt
786 1062 930 1141 quaedam
954 1059 1120 1138 episcopo-

189 1175 259 1216 rum
273 1155 422 1234 epistolae,
445 1160 476 1217 et
496 1161 566 1218 acta
585 1156 748 1236 cujusdam
769 1153 890 1217 concilii
906 1152 1115 1231 particularia

147 1293 149 1298 -
190 1267 259 1328 quae
273 1247 304 1306 in
318 1248 525 1310 anterioribus
541 1248 775 1310 collectionibus
794 1267 857 1310 non
872 1246 1114 1325 recipiebantur.

228 1340 291 1401 Sed
305 1340 382 1401 illud
395 1341 568 1403 notandum
583 1346 631 1403 est
645 1342 730 1421 qnod
745 1342 798 1402 uhi
813 1342 844 1401 in
857 1339 994 1419 pristinis
1004 1338 1119 1399 collec-

186 1434 322 1496 tionibus
337 1434 575 1512 reperiebantur
588 1453 725 1496 cancnes
745 1435 956 1508 SardieenseS,
978 1450 1041 1492 non
1061 1450 1118 1492 au-

186 1530 251 1588 tem
263 1545 398 1588 canones
412 1526 549 1589 Africani
562 1548 569 1601 ;
585 1527 636 1589 hic
652 1545 727 1589 vero
739 1528 779 1588 ab
792 1527 851 1586 hac
866 1523 1048 1586 collectione
1064 1542 1118 1582 ex-

186 1619 294 1700 puncti
315 1624 388 1682 sunt
404 1639 539 1682 canones
558 1621 769 1696 sardicenses,
790 1623 820 1681 et
839 1636 948 1680 eorum
966 1618 1036 1678 loeo
1059 1618 1116 1677 133

187 1731 323 1776 canones
334 1713 472 1775 Africani
483 1714 522 1774 de
537 1714 633 1776 latino
648 1714 681 1774 in
692 1731 831 1793 graecum
841 1709 993 1786 translati,
1008 1709 1041 1770 in
1057 1709 1116 1771 hac

188 1806 369 1868 collectione
378 1806 488 1866 intrusi
500 1797 581 1868 su'nt.

228 1899 353 1976 Exque
373 1902 505 1976 apparet
526 1899 648 1959 animus
672 1901 801 1960 Petrum
821 1897 1041 1958 Trullancrum
1062 1895 1115 1974 qui

183 1988 251 2069 jum
274 1989 315 2050 ad
331 1989 466 2050 schisma
484 1991 638 2069 proclives
653 1994 752 2052 erant.
779 1989 912 2070 Rejectis
932 1989 1015 2049 enim
1034 2007 1116 2048 emro-

186 2081 270 2142 nibas
284 2081 521 2160 Samiramim,
539 2084 570 2144 in
585 2084 698 2163 quibus
718 2083 963 2144 admittebantur
977 2081 1116 2159 appella-

186 2173 285 2236 tiones
300 2175 525 2237 adRomanum
540 2177 733 2254 Pontificem,
749 2194 857 2238 eorum
873 2176 941 2237 1000
950 2192 1115 2235 recensue-

186 2271 259 2328 rnnt
278 2285 398 2328 conones
414 2268 586 2348 Africanos,
603 2269 684 2330 inter
697 2288 775 2348 quos
799 2268 997 2329 habebantur
1020 2267 1114 2328 etiam

186 2377 321 2421 canones
332 2361 489 2439 Cypriani,
506 2362 559 2442 qui
573 2361 784 2423 dissentiendo
800 2380 819 2421 a
834 2361 993 2439 Stephano
1008 2361 1111 2437 Papa,

185 2452 356 2514 damnabat
373 2454 499 2515 omnino
521 2454 678 2533 baptisma
695 2454 735 2515 ab
755 2453 908 2514 haereticis
928 2453 1086 2514 collatum.

223 2545 313 2607 Unde
327 2545 452 2606 videtur
463 2547 532 2608 illos
546 2547 732 2626 expunxisse
745 2564 881 2608 canones
895 2563 987 2606 veros
1001 2549 1036 2606 01
1054 2545 1111 2605 sibi

184 2656 296 2716 nempe
313 2642 525 2717 proponerent
543 2640 721 2717 exemplum
741 2637 911 2700 dissidendi
931 2657 951 2698 a
969 2637 1043 2698 sede
1063 2655 1112 2698 ro·

182 2749 286 2807 mana,
310 2734 341 2791 01
361 2731 486 2793 fovendi
506 2731 642 2792 schisma
657 2733 742 2810 quod
758 2732 872 2793 saeculo
889 2730 995 2810 Vjam
1009 2729 1112 2790 immi-

183 2823 277 2884 nebat
304 2823 388 2886 inter
412 2825 588 2884 Romanum
620 2825 802 2886 Pontificem
834 2828 865 2885 et
896 2823 1111 2884 Patriarcham

182 2916 575 2995 constantinopolitanum,
595 2920 625 2977 01
640 2917 767 2978 demum
779 2917 837 2979 sub
853 2916 963 2978 Photio
985 2916 1111 2977 conclu-

181 3027 250 3071 sum
265 3012 321 3071 est.

475 3149 509 3187 lv.
524 3149 555 3188 De
564 3148 690 3188 collectione
698 3148 814 3189 Ptottuno.

218 3291 269 3352 Vl.
295 3291 411 3360 Quarta
425 3290 552 3351 demum
562 3291 714 3367 collectio,
731 3290 861 3351 celebris
875 3290 956 3351 inter
971 3293 1104 3366 Graeca

178 3381 236 3444 fuit
265 3381 429 3444 Photiana.
459 3383 588 3445 Photius
611 3383 725 3444 saeculo
749 3385 807 3460 IX,
840 3384 955 3463 rejecto
985 3382 1105 3462 Ignatio

178 3472 442 3551 Constantinopoli
465 3475 622 3554 episcopo,
638 3475 740 3554 gratia
761 3476 857 3536 fretus
870 3475 1029 3538 Michaelis
1048 3475 1105 3536 im·
