2514 4014
332 332 439 379 roe1cr
462 329 613 378 susumus
634 329 716 376 murs
739 329 894 378 onvourcr.
1037 320 1075 378 'le

185 467 236 528 Vl.
260 464 452 526 Exercitium
471 466 576 524 autem
598 461 717 542 jurium
737 465 769 523 et
786 461 889 541 ipsum
910 461 1077 542 dupliciter

145 561 248 638 potest
260 555 466 633 considerari,
481 573 593 633 nempe
608 555 658 616 vel
674 554 783 616 ordine
794 555 876 616 dioto
889 555 931 615 cd
935 575 1077 636 peremne

141 651 261 732 jurium
277 667 421 727 capenae,
445 649 496 708 vel
511 647 619 708 ordine
644 647 726 708 dioto
750 647 790 708 od
811 648 903 708 locum
925 649 978 710 ubi
1001 649 1076 730 jura

144 743 213 822 ipsa
233 745 366 821 possunt
380 741 529 802 exerceri.
558 743 603 802 Ex
616 740 665 800 his
685 740 829 802 omnibus
843 741 1075 804 diversitatibus

143 837 201 897 sub
215 835 330 915 quibus
344 836 448 912 potest
469 833 660 894 considerari
674 833 742 894 haec
756 832 889 911 privatio
904 853 959 896 seu
984 835 1075 895 dimi-

143 928 231 990 nutio
243 925 364 1007 jurium
380 926 608 986 communionis
634 924 823 1002 christianae,
840 927 934 988 variae
954 927 1074 1006 species

141 1021 297 1082 resultant
309 1036 493 1097 poenarum:

181 1117 213 1174 1ο
235 1113 268 1174 Si
289 1111 363 1192 jura
385 1110 614 1172 communionis
639 1107 816 1172 christiana
847 1111 1074 1174 interdicantur

140 1225 196 1268 seu
211 1204 442 1285 prohibeantur
464 1203 496 1262 in
520 1203 629 1264 ordine
644 1203 685 1264 ad
696 1202 833 1283 aliquem
847 1205 962 1284 locum,
979 1205 1023 1267 ita
1040 1209 1075 1268 ut

139 1299 183 1360 ibi
196 1315 289 1359 sacra
301 1315 364 1358 nou
375 1295 496 1375 possint
503 1297 637 1374 amplius
647 1295 781 1374 operari,
789 1298 928 1360 nascitur
938 1298 992 1360 illa
1005 1318 1073 1378 spe-

139 1393 203 1454 eies
234 1408 402 1470 poenarum
431 1389 639 1467 spiritualium
664 1407 734 1468 quae
757 1391 845 1452 audit
870 1390 1071 1468 interdictum,

140 1485 226 1564 quod
249 1482 349 1563 infligi
365 1481 497 1560 contigit
510 1482 694 1562 plerumque
710 1483 750 1543 ob
769 1501 865 1562 grave
878 1484 1006 1564 aliquod
1027 1485 1074 1544 fa-

139 1578 239 1654 cinuS,
257 1576 296 1638 de
314 1594 374 1654 quo
387 1575 594 1636 communitas
608 1574 713 1655 aliquo
726 1576 821 1636 modo
834 1576 1011 1654 participat.

180 1672 247 1730 Hoc
262 1672 369 1730 autem
380 1669 430 1729 vel
438 1668 570 1748 particle
583 1667 697 1728 dicitur
707 1668 757 1729 vel
767 1669 902 1748 pennave
911 1687 923 1728 .·
928 1669 1071 1748 partiale,

138 1762 164 1824 si
177 1763 218 1822 ad
233 1780 330 1823 unam
345 1761 517 1822 Ecclesiam
534 1779 589 1822 seu
600 1761 701 1822 aedem
711 1779 834 1822 sacram
844 1761 1070 1840 restringatur,

138 1859 282 1938 peceare,
296 1858 322 1919 si
333 1858 373 1919 ad
384 1847 655 1920 Ecclesiasomnes
668 1876 738 1937 quae
749 1857 781 1918 iu
795 1857 901 1938 aliquo
914 1857 1071 1920 territorio
1110 1889 1112 1893 ,

140 1955 339 2016 eontinentur
354 1953 479 2015 extendi
493 1954 618 2016 debeat.

178 2050 247 2120 Quo
263 2067 350 2126 casu,
367 2067 406 2108 ue
421 2047 570 2110 innocens
583 2065 657 2108 cum
669 2046 784 2109 ‘auimae
796 2063 861 2108 suae
874 2047 1012 2126 periculo
1030 2048 1069 2112 de

138 2141 298 2202 communi
318 2159 414 2222 poena
437 2141 612 2220 participet,
635 2141 740 2220 plures
768 2140 835 2220 ipso
857 2141 929 2221 jure
954 2142 1068 2203 dantur

138 2234 337 2314 exceptiones
352 2237 387 2296 ut
399 2253 437 2295 ea
450 2253 540 2295 saera
553 2252 622 2314 quae
633 2234 800 2295 necessitas
815 2235 865 2294 vel
879 2234 984 2314 gravis
998 2234 1066 2296 ani-

137 2345 261 2388 marum
275 2327 392 2389 utilitas
401 2327 549 2406 postulat,
561 2327 681 2406 possint
690 2327 823 2406 operari.

175 2424 207 2481 2⁰
230 2419 262 2482 Si
276 2439 351 2482 vero
366 2413 582 2506 cqnsideratur
594 2420 775 2482 exercitium
783 2419 903 2500 jurium
913 2421 945 2482 in
956 2420 1065 2485 ordine

137 2512 177 2574 ad
192 2532 360 2592 personas,
382 2513 439 2574 snb
462 2531 558 2592 poene
580 2513 757 2589 mulctatas,
776 2514 807 2574 et
829 2513 898 2574 aliae
913 2512 983 2574 duae
998 2532 1067 2574 nas-

136 2611 249 2668 cuntur
272 2607 392 2686 species
415 2625 581 2686 plenarum
612 2605 819 2685 spiritualium
844 2605 1066 2667 ecclesiastiea-

136 2699 234 2779 rium,
249 2713 383 2780 quarum
399 2701 498 2762 altera
512 2699 665 2777 clericalis,
678 2699 778 2761 altera
793 2698 904 2760 laicalis
925 2717 1065 2761 commu-

135 2793 236 2856 nionis
248 2797 296 2856 est
305 2794 478 2874 proprium.

174 2887 206 2950 Si
216 2887 516 2968 euimsuspendatur
524 2906 579 2948 seu
587 2885 747 2951 minuatur
757 2885 1063 2968 exercitiumjurium

134 2981 341 3061 clericalium,
361 3003 416 3044 seu
430 2983 636 3062 prohibeatur
654 3002 694 3043 ne
714 2983 825 3062 aliquis
845 2983 975 3044 clericus
989 2982 1063 3062 jura

134 3084 280 3143 exerceat
295 3081 438 3161 quaesibi
454 3083 636 3160 competunt
647 3080 768 3141 ratione
783 3083 882 3142 status
897 3078 1059 3156 clericalia,

133 3175 207 3236 tunc
229 3193 269 3236 ea
289 3175 409 3254 species
432 3193 533 3254 poenae
555 3173 725 3252 spiritualis
749 3191 818 3252 quae
840 3171 985 3233 usuvenit
1000 3172 1060 3234 dici

132 3270 287 3350 suspensio.
311 3271 449 3334 Dicimus
476 3270 632 3348 usuvenit,
661 3270 734 3350 quia
758 3270 886 3330 nomina
911 3269 998 3347 haec,
1017 3269 1061 3330 sie

132 3365 235 3426 stricte
252 3370 388 3446 sumpta,
406 3385 488 3447 vaga
501 3367 700 3446 reperiuntur
712 3365 745 3426 in
761 3365 955 3446 antiquitate,
968 3364 1012 3426 ita
1027 3370 1061 3426 ut

131 3459 344 3525 indifferenter
357 3464 457 3525 altera
469 3483 526 3543 pro
538 3465 634 3524 altero
646 3466 797 3541 usurpata
808 3463 1017 3522 inveniantur.

171 3559 243 3620 Haee
255 3559 418 3638 suspensio
430 3562 462 3620 et
475 3559 543 3638 ipsa
556 3558 757 3637 distinguitur
767 3559 799 3618 in
813 3559 928 3618 totalem
944 3558 974 3617 et
983 3571 1059 3634 pora
