2512 4012
362 283 400 331 na
421 285 654 335 obsecraturus
676 283 831 334 coronel.
1007 269 1066 334 249

128 427 266 510 dignitas
277 431 411 492 relativa
426 431 465 493 sit
480 431 625 511 dignitati
639 431 788 511 principis
801 431 889 514 cujus
902 434 949 494 cst
963 448 1066 492 aeon-

126 524 218 600 siliis,
248 523 465 603 unusquisque
488 525 576 586 videt
601 525 701 604 quod,
727 543 784 604 pro
811 525 962 604 dignitate
984 524 1066 585 illius

127 617 221 696 eujus
236 616 409 695 capitulum
424 617 482 683 fuit
496 621 641 693 senatus,
658 617 746 677 varia
761 617 896 696 dignitas
915 617 1067 696 capitulo-

127 727 203 768 rum
213 729 267 769 seu
277 709 358 769 varii
373 709 489 786 grados
503 710 662 788 dignitatis
676 709 781 769 iubae
795 710 953 788 categoria
966 729 1067 770 emer-

126 807 249 864 serunt.
266 801 429 881 Siquidem
442 803 497 862 ubi
511 802 682 880 capitulum
701 801 744 862 ita
763 805 844 862 esset
865 803 1067 864 coustitutum

126 900 161 953 ut
173 913 237 954 non
247 893 379 954 haberet
392 894 556 972 praelatum
567 913 643 954 vera
654 895 845 974 gaudentem
857 895 1067 956 ecelesiastica

122 987 357 1067 jurisdictione,
374 990 469 1065 prout
483 987 587 1047 evenit
599 987 630 1046 in
644 987 816 1066 collegiatis
826 987 925 1046 infimi
936 988 1064 1063 ordinis,

125 1082 246 1156 praeter
270 1079 418 1158 quaedam
432 1079 505 1160 jura
524 1079 697 1140 honorifice
711 1079 761 1140 vel
775 1098 853 1158 pure
869 1079 1068 1143 administra-

125 1173 202 1248 tiva,
219 1173 297 1232 nibil
312 1172 397 1232 aliud
412 1173 514 1250 potuit
528 1173 707 1251 acquirere3
724 1191 792 1234 sese
806 1173 891 1232 enim
911 1172 1068 1233 referebat

125 1270 160 1325 ut
173 1269 257 1326 esset
269 1268 397 1326 senatus
411 1265 576 1345 eujusdam
596 1265 718 1344 praelati
733 1266 788 1345 qui
801 1266 921 1326 nullam
935 1265 1067 1328 haberet

121 1357 391 1437 jurisdictionem.

168 1451 315 1513 Ubivero
330 1452 512 1530 capitulum,
525 1453 599 1513 licet
611 1451 785 1530 collegiata
798 1451 950 1526 ecclesiae,
962 1456 1068 1512 tamen

127 1543 271 1604 habebat
287 1543 453 1620 praelatum
469 1545 559 1622 quasi
580 1544 751 1622 episcopali
768 1544 958 1622 gaudentem
973 1542 1069 1622 juris-

126 1637 279 1712 dictione,
295 1637 385 1714 quasi
399 1637 588 1696 cathedralis
612 1636 739 1714 capituli
751 1636 825 1716 jura
842 1635 943 1716 potuit
962 1636 1067 1714 acqui-

126 1747 197 1788 rere
209 1729 243 1787 in
252 1727 522 1789 administratione
534 1730 674 1790 eoelesiae
686 1747 755 1806 quae
766 1729 839 1788 huic
849 1726 978 1805 praelato
988 1727 1069 1788 foret

127 1823 311 1898 commissa,
324 1821 442 1882 scilicet
451 1841 561 1882 verum
574 1823 726 1882 inflexum
738 1822 770 1880 iu
785 1825 947 1880 externam
962 1824 993 1879 et
1013 1837 1068 1896 pu-

128 1915 246 1976 blicam
264 1913 404 1974 ecelesiae
420 1914 732 1975 administrationem.

166 2006 387 2084 Capitulorum
411 1997 516 2066 autem
539 2006 767 2067 cathedralium
788 2005 990 2066 ecelesiarum
1009 2024 1067 2065 nee

127 2119 190 2160 uua
205 2101 267 2159 fuit
281 2098 441 2178 diguitatis
454 2101 544 2176 ratio,
562 2099 667 2178 prouti
681 2117 743 2158 uon
759 2116 821 2174 una
836 2099 971 2177 dignitas
986 2098 1068 2176 epis-

129 2195 526 2272 coporumquorumerant
535 2197 672 2252 senatus.
682 2192 828 2252 lufimum
838 2191 953 2272 quippe
963 2190 1068 2252 locum

130 2285 270 2346 obtinuit
301 2285 472 2361 capitulum
499 2285 638 2344 eeclesiae
662 2284 844 2361 simpliciter
865 2285 1064 2362 episcopalis;

129 2378 288 2459 majorem
319 2377 489 2455 capitulum
526 2377 755 2454 metropoleos3
789 2375 943 2455 majorem
972 2379 1066 2438 etiam

129 2471 305 2549 capitulum
340 2469 479 2530 eeclesiae
520 2469 703 2548 primatialis
742 2468 791 2528 vel
823 2468 1064 2546 patriarchalis;

127 2563 287 2642 siquidem
303 2568 370 2622 erat
389 2581 407 2621 a
426 2563 562 2625 consiliis
586 2563 668 2622 illius
690 2560 882 2638 auctoritatis
903 2579 974 2639 quae
999 2579 1066 2620 sese

128 2656 289 2716 referebat
303 2655 343 2714 ad
357 2651 494 2732 negotia,
510 2673 572 2716 non
590 2655 682 2715 unius
696 2655 818 2715 tantum
838 2651 987 2728 ecclesiae,
1011 2652 1066 2712 sed

128 2749 272 2809 omnium
282 2747 485 2808 ecclesiarum
495 2747 663 2826 provincia
677 2747 727 2806 vel
736 2746 880 2808 nationis.
896 2746 1066 2823 Propterea

126 2841 159 2901 in
188 2841 299 2901 ordine
325 2857 382 2900 suo
409 2839 449 2900 de
471 2839 713 2918 metropolitana
740 2839 791 2900 vel
819 2837 986 2916 primatiali
1010 2856 1064 2897 seu

127 2933 334 3012 patriarchali
351 2932 561 3011 participabat
584 2933 779 3008 auctoritate,
795 2933 828 2990 iu
842 2937 994 3010 quantum
1006 2930 1065 2990 sci-

126 3027 202 3088 lieet
214 3045 278 3085 uua
296 3044 367 3086 eum
379 3025 578 3102 metropolita
593 3025 642 3085 vel
655 3024 788 3102 primate
803 3043 858 3084 seu
873 3022 1061 3102 patriarcha,

127 3119 256 3198 negotia
271 3117 471 3196 provincialis
486 3117 536 3177 vel
549 3118 715 3180 nationalis
728 3116 867 3178 ecclesia
882 3114 1064 3175 insolidum

129 3211 379 3274 administrabat.

169 3307 237 3366 lloc
253 3322 328 3383 ergo
341 3321 488 3381 processu
501 3303 721 3380 induetivo,ad
736 3303 816 3362 hano
832 3301 1062 3362 conclusionem

129 3397 361 3458 deveniendum
369 3414 437 3456 esse
447 3396 620 3457 videretur:
632 3395 802 3473 capitulum
811 3393 1062 3455 eoelesiaeoathe-

130 3491 225 3552 dralis
237 3507 388 3566 romanae,
397 3494 592 3568 -tanquam
604 3491 747 3552 senatum
760 3487 842 3552 illius
856 3486 994 3574 episcopi
1008 3485 1062 3575 qui
