2512 4012
353 313 391 356 ca
412 312 540 359 ceramo
560 312 643 358 rums
666 313 821 361 cancrum.
1000 302 1057 362 203

125 459 249 518 Graeeos
271 474 278 517 ε
297 456 498 518 Caesariensis
512 456 544 516 in
557 459 667 534 Ponto,
684 457 898 520 Heracleensis
911 458 944 520 in
962 459 1058 520 Thra-

125 550 182 627 cia,
198 549 377 628 Ephesinus
392 549 424 609 in
440 549 515 611 Asia
527 549 658 612 Minore.

164 642 438 716 Quemadmodum
453 643 493 703 ad
512 643 718 704 instituendas
741 644 832 706 sedes
846 645 1058 726 metropolita-

124 755 178 797 nas
192 736 325 796 delectae
335 739 408 796 sunt
422 735 562 797 civitates
576 754 645 815 quae
657 736 724 816 jam
735 741 839 800 essent
848 739 920 818 jure
932 739 1057 818 politico

124 830 154 889 in
168 827 336 909 provincia
346 827 513 908 principes,
531 829 575 890 ita
589 829 631 890 ad
645 829 852 892 instituendas
866 833 1058 910 primatiales

123 923 172 983 rel
188 921 385 997 exarchalcs,
404 922 533 982 delectae
548 926 620 982 sunt
630 922 771 984 civitates
786 924 846 985 illae
859 943 929 1004 qnae
944 925 1057 1004 princi-

124 1035 178 1094 pes
193 1013 343 1076 essentia
358 1033 454 1092 regno
474 1015 524 1075 vel
539 1015 678 1076 natione.
692 1017 758 1077 Hoc
773 1017 888 1096 quippe
909 1018 1058 1097 prodesse

125 1103 227 1170 visum
244 1110 292 1168 est
304 1107 464 1185 regiminis
480 1108 680 1170 ecclesiastici
699 1108 970 1174 administrationi.

163 1202 257 1263 Ultra
272 1199 367 1261 etiam
388 1218 556 1280 progressa
577 1205 623 1262 est
644 1203 854 1265 ecelesiastica
873 1204 1056 1284 discipline:

125 1294 239 1355 eadem
268 1311 405 1372 namque
436 1294 638 1372 proportione
657 1296 707 1355 vel
731 1295 822 1357 simili
850 1299 971 1360 ratione
997 1315 1085 1377 qua·

124 1385 328 1466 metropolita
343 1405 438 1465 snpra
456 1387 630 1466 episcopos,
650 1389 767 1466 primas
786 1391 836 1452 vel
852 1391 987 1452 exarcha
1010 1409 1059 1452 su·

124 1501 179 1560 pra
202 1479 441 1558 metropolitas,
458 1481 654 1560 patriarchas
675 1482 770 1544 etiam
792 1503 858 1544 csse
880 1483 988 1560 voluit,
1006 1483 1058 1563 qui

123 1593 219 1654 snpra
246 1573 332 1651 ipsos
354 1573 503 1652 primates
529 1575 706 1653 constituti,
726 1596 907 1655 supremum
926 1576 1059 1656 gradum

123 1669 153 1728 in
164 1687 223 1728 sna
235 1663 455 1747 jurisdictione
469 1668 657 1732 obtinerent.

162 1761 227 1822 Sed
243 1759 276 1819 in
293 1760 415 1822 delectu
436 1762 558 1823 sedium
576 1762 843 1841 patriarchalium,
864 1782 927 1825 non
947 1764 1058 1825 eodem

123 1853 297 1932 procedere
324 1853 391 1913 visa
417 1855 635 1934 estprincipio
657 1874 718 1935 quo
743 1855 776 1915 in
803 1856 972 1935 primatum
994 1875 1058 1917 me-

123 1945 408 2025 tropolitarumque
432 1946 635 2010 institutione.
663 1952 742 2009 Nam
764 1967 826 2011 nou
850 1950 909 2012 illae
929 1951 1057 2013 deleotae

122 2045 195 2102 sunt
211 2038 304 2100 sedes
319 2057 388 2119 quae
410 2040 615 2102 subsisterent
636 2041 668 2101 in
686 2041 863 2104 civitatibus
882 2044 963 2106 inter
982 2044 1058 2104 alias

122 2131 320 2212 principibus
339 2131 430 2211 juxta
453 2132 595 2194 ordinem
615 2133 793 2213 politicum;
811 2137 866 2197 sed
888 2137 938 2197 hic
959 2136 1060 2198 honor

122 2227 249 2288 delatus
261 2229 309 2286 est
322 2223 422 2285 trihus
436 2228 653 2288 tantummodo
665 2227 792 2290 sedibus
803 2248 884 2308 qua,
897 2233 933 2291 ut
946 2230 990 2292 ait
1003 2249 1060 2292 an-

123 2319 276 2400 tiquitas,
291 2320 413 2379 aPetro
425 2321 639 2398 apostolorum
651 2321 791 2400 principe
808 2322 982 2386 sublimatae
997 2324 1061 2384 fue·
1110 2371 1111 2374 ,

121 2415 197 2473 rant
216 2431 223 2471 ι
241 2410 470 2472 Antiochenam
490 2431 603 2492 nempe
619 2433 714 2492 quam
729 2413 795 2492 ipse
808 2415 888 2474 rexit
901 2419 933 2476 et
951 2416 983 2476 in
996 2434 1059 2495 qua

122 2522 309 2584 supremum
324 2505 470 2565 Ecclesia
492 2507 588 2584 gessit
602 2506 823 2584 principatum,
841 2526 934 2585 quem
951 2512 1059 2586 postea

123 2615 234 2658 seeum
258 2598 390 2657 Romam
408 2597 583 2672 transtulit;
605 2599 864 2675 Alexandrinam,
891 2618 986 2679 quam
1003 2620 1060 2679 per

124 2689 315 2768 discipulum
335 2707 426 2749 suum
444 2691 586 2752 Marcum
605 2691 749 2753 fundavit
763 2695 794 2753 et
814 2692 912 2767 rexit;
932 2693 1059 2754 demum

125 2786 302 2844 Romanam
327 2782 359 2842 in
377 2801 440 2862 qua
459 2783 616 2846 definitive
635 2803 793 2846 summum
811 2786 918 2848 statuit
935 2787 1060 2866 pontiti-
1096 2795 1097 2798 ’

127 2880 234 2938 catum
249 2893 407 2955 quamque
422 2894 478 2936 sno
492 2876 643 2955 sanguine
657 2879 826 2941 decoravit.

167 2968 231 3030 Sed
257 2967 305 3028 his
325 2967 426 3030 trihus
448 2968 709 3048 patriarchalibus
731 2971 896 3049 primitivis
920 2972 1057 3046 sedibus,

125 3063 189 3123 duo
203 3061 300 3122 etiam
317 3079 462 3124 successu
478 3066 656 3140 temporum
676 3068 895 3126 accesserunt:
915 3063 1060 3123 Hieroso-

125 3154 401 3234 lymitananempe
412 3154 916 3234 etConstantinopolitano.Quoad
925 3155 1059 3233 primam

125 3250 159 3310 in
185 3241 306 3309 canone
335 3249 467 3327 septimo
495 3247 616 3310 concilii
645 3249 781 3326 Nicaeni,
803 3248 948 3327 episcopo
973 3249 1059 3312 AElia

128 3341 184 3421 (sic
211 3344 391 3420 nuncupata
416 3339 634 3418 Hierosolyma
651 3345 722 3419 post
742 3341 935 3404 eversionem
958 3342 1059 3421 suam)

128 3435 169 3496 cd
181 3435 334 3498 honorem
346 3435 488 3498 locorum
500 3436 681 3496 sanctorum
700 3435 864 3514 peculiaris
882 3435 1061 3499 decernitur

129 3546 192 3608 prae
216 3529 337 3591 caeteris
359 3528 514 3610 episcopis
535 3528 649 3608 honor,
672 3529 757 3594 salvo
782 3531 962 3612 metropolis
975 3530 1057 3613 jure,
