2514 4014
302 263 411 314 marm
433 263 585 312 sancitus
607 263 689 312 roms
716 261 870 314 cenorum.
1013 245 1051 310 23

157 409 228 470 XV.
254 408 317 467 Neo
334 410 441 468 temen
460 405 573 468 desunt
591 410 622 469 et
636 423 777 488 persona
794 403 1052 486 singularesque

115 500 181 562 diei
202 497 324 579 possint
339 498 420 579 juris
441 499 637 578 particularis
657 497 855 579 principium.
873 499 950 560 (lum
969 496 1053 559 enim

115 595 261 673 potestas
289 591 623 670 metropolitanorum,
655 591 824 671 primatum
847 588 896 652 vel
921 589 1054 670 patriar·

118 685 256 752 charum
271 702 334 745 non
348 683 505 745 sufficeret
520 685 560 744 ad
576 683 780 746 continendos
797 681 829 743 in
851 681 952 744 officio
973 682 1054 762 epis·
1140 679 1147 686 '

119 796 235 856 copos,
258 776 389 838 consilia
412 780 517 837 autem
543 775 746 856 particularia
770 793 843 836 rara
866 775 1052 852 evaderent,

119 869 291 931 Pontifices
308 867 434 930 Maximi
456 867 623 930 mittebant
645 887 702 948 per
724 867 847 948 singula
865 887 964 948 regna
981 885 1055 930 suos

120 963 234 1044 lepatos
248 960 434 1042 apostolicos,
453 961 505 1042 qui
517 959 569 1042 jus
584 959 738 1024 haberent
752 961 838 1042 leges
855 959 967 1021 edendi
983 978 1056 1038 pro-

119 1054 245 1115 vincias
272 1053 322 1116 vel
352 1053 475 1134 integra
504 1072 603 1134 regna
628 1053 818 1134 obligantes,
846 1051 941 1116 etiam
968 1051 1057 1114 finite

120 1145 294 1228 legatione,

162 1241 240 1302 Haec
252 1240 291 1300 de
307 1237 460 1320 principio
468 1237 548 1320 juris
561 1239 822 1316 dictasufliciant,
843 1239 928 1320 quod
944 1255 1056 1318 nempe

121 1331 243 1411 duplex
257 1336 322 1409 est,
339 1334 498 1395 remotum
511 1331 629 1395 seilicet
642 1336 675 1394 et
685 1332 873 1412 proximum.
891 1334 1058 1393 Remotum

123 1428 209 1486 Deus
223 1427 286 1499 est3
302 1424 480 1505 proximum
493 1423 543 1487 vel
558 1427 717 1487 Romanus
729 1423 882 1502 Pontifex,
898 1425 948 1486 vel
964 1421 1059 1486 colle-
1131 1467 1134 1474 .

20 1577 24 1584 ,
124 1517 214 1597 gium
231 1517 469 1597 episcoporum,
484 1517 534 1580 vel
547 1517 710 1597 episeopus
723 1517 754 1578 in
769 1517 883 1597 speeie.

307 1757 493 1816 APPBNDIX
509 1757 559 1814 AD
578 1757 698 1816 CAPUT
721 1757 882 1816 PRIMUM.

371 1937 406 1978 DE
422 1935 510 1978 ROMA
529 1937 661 1980 umllltnts
679 1938 818 1980 adamim.

168 2081 234 2144 msi
247 2082 280 2143 in
293 2100 432 2161 praesens
448 2102 512 2146 non
526 2087 639 2166 agatur
655 2085 771 2147 directe
787 2085 826 2146 de
840 2083 935 2148 modo
950 2102 1012 2164 quo
1030 2083 1061 2144 hi

130 2175 247 2240 diversi
257 2175 374 2256 gradus
390 2181 581 2242 concurrunt
593 2178 634 2239 od
648 2177 794 2240 Ecclesiae
809 2176 1063 2240 constitutionem

131 2265 422 2345 determinandam,
451 2269 507 2333 sed
539 2270 702 2332 dumtaxat
729 2271 769 2332 de
787 2273 941 2350 potestate
967 2269 1063 2332 eecle-

131 2359 268 2437 siastioa,
287 2365 440 2440 quatenus
460 2365 507 2423 est
521 2362 591 2424 fons
605 2381 643 2424 ao
658 2380 754 2426 eausa
767 2363 905 2424 efficiens
915 2361 996 2444 juris
1012 2380 1065 2423 oa-

133 2451 249 2528 nonioi,
266 2456 456 2516 tamencum
476 2473 514 2516 ea
528 2473 598 2534 quea
614 2455 766 2516 hactenus
782 2455 820 2516 de
836 2455 896 2516 hae
910 2457 1064 2534 potestate

134 2543 368 2622 edisseruimus,
382 2546 523 2626 regimen
538 2546 684 2610 Ecclesiae
698 2565 760 2610 non
774 2547 905 2610 obscure
920 2546 1065 2608 manifes-

135 2639 213 2714 tent,
227 2655 360 2718 pergere
378 2657 462 2702 nunc
477 2639 509 2701 iu
524 2659 593 2704 rem
608 2642 666 2718 est,
681 2659 738 2722 per
751 2640 881 2702 modum
895 2637 1064 2717 corollarii,

137 2729 176 2792 ad
190 2728 268 2792 illud
281 2731 543 2810 patefaciendum.

335 2877 353 2916 Ι.
365 2881 398 2917 Do
407 2881 481 2916 torm
492 2881 611 2927 uagis-tnta
623 2881 749 2929 pnmetn
760 2885 870 2928 Ιιινθίι.

177 2995 257 3058 XVI.
281 2997 342 3058 Per
369 2995 504 3060 formam
529 2997 689 3078 regiminis
718 2997 900 3079 intelligitur
924 2995 1067 3058 comancio

139 3089 264 3148 omnium
279 3089 483 3150 clementorum
498 3091 644 3152 societatis
660 3090 690 3151 io
706 3089 795 3172 finem
814 3109 989 3152 communem
1003 3109 1068 3151 ocr-

139 3182 285 3259 pmtiam,
301 3200 357 3242 seu
371 3183 483 3244 modus
503 3183 679 3246 secundum
693 3202 788 3263 quem
806 3183 980 3245 intellectus
996 3202 1067 3247 con-

141 3274 280 3352 cordant,
308 3275 484 3337 voluntates
506 3276 657 3337 uniuntur
673 3279 704 3337 et
722 3275 826 3337 modia
846 3276 1069 3338 coordinantur

142 3365 252 3428 intuitu
271 3366 345 3426 boni
367 3367 541 3429 communis
564 3367 761 3448 assequendi.
786 3368 977 3448 Principium
995 3368 1069 3429 aeti·

143 3478 214 3522 tum
229 3459 315 3542 quod
334 3459 422 3522 veria
436 3461 591 3522 elementa
612 3461 741 3524 socialia
757 3465 956 3542 coagmentat
971 3477 1071 3542 eaque
