2484 4016
168 240 228 306 308
368 254 598 304 rnsrrrurrcnss
619 256 702 304 runrs
725 254 881 306 nonomen

91 411 97 423 ·
171 401 337 482 praeceptae
352 399 457 476 nulle,
472 399 566 462 nullae
580 401 695 478 vetitae,
712 403 819 462 tamen
829 399 1038 482 quaedamfini
1053 418 1105 461 as-

172 493 333 574 sequendo
357 493 495 572 aptiores
510 497 600 571 sunt,
619 493 763 573 quaedam
779 511 855 556 vero
873 493 976 554 minus
989 510 1106 572 oppor-

170 590 266 650 tunae.
294 588 396 659 Quare
420 586 489 665 ipsa
507 586 717 667 consequendi
741 586 812 647 finis
833 585 1008 647 sollicitudo
1032 605 1105 666 quae

170 683 262 759 urget
285 698 360 757 nos,
385 679 453 740 illas
475 680 565 742 sicuti
590 679 830 759 opportuniores
851 679 963 740 suadet
977 697 1015 740 ac
1029 698 1106 758 sug-

170 773 267 852 gerit,
285 773 341 834 has
352 791 427 834 vero
444 776 595 852 tanquam
609 772 711 834 minus
727 776 918 852 opportunas
930 771 1102 834 dissuadet.

210 867 300 928 Unde
323 867 355 927 in
370 866 439 944 ipsa
454 865 613 944 categoria
634 865 792 927 actionum
806 864 1050 926 indifferentium
1072 864 1105 926 in

168 961 264 1021 tinem
274 960 357 1021 intra
372 959 474 1039 ipsum
490 958 633 1020 ordinem
645 958 874 1038 permissivum,
884 957 1106 1036 distinguimus

170 1053 250 1114 duas
265 1052 440 1132 categorias
450 1053 609 1114 actionum
622 1056 652 1114 et
664 1051 878 1128 omissionum,
890 1069 1024 1132 quarum
1035 1050 1106 1112 aliae

169 1145 208 1206 de
222 1144 350 1206 oonsilio
367 1151 439 1204 sunt
453 1147 486 1206 ut
496 1146 583 1223 fiant,
597 1145 670 1206 ‘aliae
684 1145 722 1204 de
736 1143 917 1206 consilioue
932 1145 1020 1206 fiant.

207 1239 245 1300 ll.
269 1236 409 1300 Christus
425 1241 550 1316 autem,
569 1238 623 1318 qni
636 1237 735 1299 voluit
755 1255 812 1299 nos
835 1255 897 1298 non
919 1239 1042 1298 tantum
1056 1255 1105 1298 re-

168 1349 281 1410 parare
293 1331 326 1391 in
340 1332 446 1408 finem,
462 1332 518 1392 sed
533 1332 628 1394 etiam
642 1331 755 1392 docere
765 1330 938 1392 faciliorem
948 1325 1033 1390 'viam
1042 1349 1107 1410 qua

167 1425 263 1486 finem
285 1427 428 1486 nostrum
448 1416 728 1504 consequeremur,
745 1423 917 1485 moralibus
937 1423 1106 1501 praeceptis

166 1517 1104 1596 consiliaaddiditevangeliea:illautordinemservaremus

165 1610 197 1671 in
212 1612 318 1684 finem;
337 1611 415 1687 haec,
426 1613 461 1672 ut
475 1609 936 1689 alacriores,expeditioresque
952 1609 1104 1672 adfinem

165 1707 308 1764 nostrum
334 1703 524 1790 contendere
546 1722 708 1782 possemus
724 1723 731 1764 :
746 1703 801 1763 illa
821 1706 855 1764 ut
876 1704 1105 1764 conficeremus

164 1795 252 1873 vitia,
260 1796 489 1857 instrueremur
497 1795 679 1869 virtutibus3
693 1797 771 1873 haec,
780 1799 816 1856 ut
826 1796 927 1874 ipsam
936 1796 1104 1856 materiem

165 1889 437 1950 substraheremus
447 1889 541 1966 vitiis,
551 1907 590 1949 ne
601 1889 670 1968 ipsc
685 1889 744 1949 illis
758 1889 917 1950 deservire
931 1888 1039 1968 possit,
1052 1888 1105 1949 vel

165 1999 259 2060 agere
282 1980 480 2044 obstaculum
507 1980 557 2042 vel
581 1981 843 2060 impedimentum
863 1999 981 2061 ponere
1002 1980 1035 2042 in
1049 1981 1105 2042 via

165 2093 229 2154 qua
242 2073 283 2134 ad
296 2074 392 2136 tinem
407 2081 549 2135 nostrum
562 2075 833 2136 contenderemus

204 2168 242 2226 ut
251 2184 326 2227 sane
334 2167 396 2246 legi
407 2167 521 2228 divinae
531 2167 660 2228 inimica
670 2171 717 2230 est
729 2167 992 2246 concupiscentia,
1003 2185 1105 2246 quam

164 2276 221 2338 pro
236 2258 351 2339 triplici
371 2259 493 2339 objecto
512 2259 543 2319 in
566 2261 723 2339 triplicem
739 2265 866 2322 sanctus
882 2262 1021 2322 loannes
1036 2260 1104 2321 dis-

161 2351 294 2431 tinguit3
319 2351 465 2413 videlicet
490 2372 496 2412 :
526 2353 814 2432 concupiscentiam
838 2353 957 2430 carnia,
983 2371 1104 2414 concu-

163 2444 348 2522 piscentiam
372 2445 535 2507 oculorum
563 2448 594 2506 et
617 2447 799 2524 superbiam
820 2446 910 2518 vitae,
933 2445 1024 2506 sicuti
1051 2449 1103 2510 est

161 2537 359 2599 inordinatus
372 2538 538 2617 appetitus,
552 2541 583 2598 et
597 2539 710 2615 carnis,
722 2557 777 2599 seu
790 2539 984 2600 sensibilium
993 2538 1101 2600 oblec-

162 2632 385 2708 tamentorum,
403 2633 434 2692 et
448 2629 628 2690 divitiarum
642 2635 673 2692 et
687 2631 823 2710 propriae
832 2631 1033 2692 excellentiae.

203 2723 282 2784 Hinc
295 2726 466 2784 nascuntur
478 2722 539 2784 tria
552 2722 606 2783 illa
626 2723 702 2784 vitia
717 2741 787 2804 quae
806 2724 975 2802 luxuriam,
997 2725 1101 2785 avari-

163 2815 236 2876 tiam
257 2818 289 2877 et
306 2815 471 2895 superbiam
492 2833 722 2894 nuncupamus,
741 2818 840 2878 Porro
862 2817 902 2877 ad
917 2816 1101 2896 superanda

162 2908 231 2970 haeo
243 2909 320 2970 vitia
333 2926 461 2968 necesse
475 2927 537 2970 non
552 2911 599 2969 est
613 2912 648 2971 ut
657 2909 751 2970 homo
764 2909 958 2970 sensibilium
969 2911 1100 2972 affectui

162 3004 217 3063 aut
230 3001 410 3064 divitiarum
426 3003 456 3062 et
469 3019 598 3062 suorum
609 3003 709 3063 amori
721 3002 1023 3080 omninoreuuntiet,
1038 3004 1097 3065 sed

161 3094 277 3156 sufficit
297 3098 332 3157 ut
352 3093 566 3154 inordinatum
585 3095 674 3157 tollat
693 3097 863 3177 allectum,
884 3099 915 3156 et
929 3095 1097 3158 contrariis

161 3186 329 3248 virtutibus
348 3205 405 3266 pro
429 3204 487 3246 sua
501 3186 679 3249 conditione
694 3188 831 3250 insistat:
852 3188 897 3250 sic
912 3188 1038 3250 castitas
1060 3189 1096 3250 in

160 3278 373 3355 matrimonio,
389 3277 560 3339 liberalitas
572 3280 604 3340 in
620 3279 751 3357 divitiis,
775 3280 935 3342 humilitas
947 3281 979 3342 in
995 3281 1098 3361 digni·

160 3371 224 3428 tate
239 3372 414 3429 serventur.

201 3459 263 3518 Sed
279 3458 439 3537 cognitum
454 3465 502 3524 est
516 3481 611 3544 quam
626 3463 753 3527 difficile
767 3465 807 3526 sit
820 3464 852 3528 in
865 3465 913 3530 his
927 3466 1042 3546 rebus,
1059 3468 1094 3532 iu
