2512 4012
366 259 404 301 on
426 259 554 306 cornero
575 260 658 306 rurus
686 259 842 306 circumi.
1014 245 1070 304 teu

135 407 203 464 tem
226 400 436 480 legislativum
461 403 493 462 in
518 421 641 464 sacram
659 402 839 482 liturgiam,
861 405 1072 481 praeterquam

138 494 225 574 quod
237 493 269 554 id
281 513 427 572 expresse
439 496 497 558 sibi
512 496 686 557 reservavit
701 498 732 558 S.
751 495 904 558 Pontifex.

177 593 210 649 2⁰
232 587 264 648 Si
279 591 427 666 ageretur
439 589 477 649 de
488 589 704 667 legibusmere
715 587 961 669 disreptionibus,
971 591 1073 666 potest

139 681 307 760 episcopus
336 682 538 758 praescribere
562 683 594 742 in
618 701 675 742 sua
700 682 828 742 dioecesi
859 681 1012 761 quidquid
1033 681 1072 742 ad

138 775 260 834 bonum
282 791 448 834 commune
470 775 601 852 confert,
635 774 806 835 dummodo
833 773 899 834 istae
924 774 1073 834 constitu-

141 867 242 927 tiones
267 884 330 926 non
346 872 545 944 opponantur
561 867 625 947 juri
641 867 817 943 communi,
835 886 890 927 seu
906 867 968 946 legi
982 886 1075 946 supe-

139 959 241 1020 rioris.
254 958 331 1019 Inde
341 962 444 1037 potest
456 963 571 1021 statuta
581 960 728 1036 condere,
746 959 840 1020 etiam
855 963 945 1022 extra
960 960 1073 1020 dioece-

142 1070 254 1112 sanam
281 1052 448 1130 synodum,
476 1058 507 1115 et
521 1053 649 1132 quidem
672 1054 730 1114 sub
749 1052 851 1131 poenis
871 1055 903 1113 et
922 1052 1070 1113 censorie.

142 1145 205 1206 Sed
229 1162 293 1205 non
315 1147 417 1222 potest
438 1146 620 1224 dispensare
631 1146 663 1205 iu
678 1145 908 1206 universalibus
923 1144 1073 1206 Ecclesiae

141 1237 277 1318 legibue,
304 1256 376 1298 cum
391 1240 478 1299 nulla
495 1239 633 1299 inferiori
655 1241 839 1317 potestesse
862 1240 1000 1316 potestas
1014 1237 1074 1297 dis·

143 1330 297 1409 pensandi
316 1349 335 1390 e
352 1330 473 1410 legibus
495 1331 675 1410 superioris,
699 1331 757 1390 nisi
775 1331 843 1392 haec
862 1333 1000 1409 potestas
1014 1330 1076 1390 eia

145 1422 307 1501 superiore
318 1425 510 1486 concedatur
522 1444 528 1484 :
542 1425 597 1501 sic,
613 1444 644 1485 v.
657 1443 701 1502 g.,
717 1423 825 1502 nequit
840 1423 1005 1500 episcopus
1020 1441 1077 1500 per

144 1516 250 1594 legem
271 1517 451 1594 generalem
473 1517 688 1596 dispensares
705 1517 775 1595 lege
799 1515 1074 1595 quadregesimali,

146 1608 204 1670 etsi
223 1608 255 1668 id
276 1609 374 1687 possit
395 1628 433 1670 ex
448 1609 534 1690 justa
548 1629 644 1671 causa
663 1628 735 1671 cum
749 1607 991 1687 particularibus
1006 1625 1077 1684 per-

146 1702 243 1762 sonis.

187 1797 222 1855 3ο
244 1797 433 1856 Potestatem
461 1814 547 1856 mere
579 1794 845 1856 administrantem
872 1795 903 1854 et
929 1790 1078 1852 oecouomi·

147 1906 211 1946 com
226 1887 381 1967 episcopi,
396 1893 463 1950 tum
488 1888 592 1968 quoad
607 1906 713 1950 sacros
732 1887 856 1948 ordines
872 1885 1078 1946 conferendos

148 1982 204 2041 aut
223 1980 436 2059 denegandos,
462 1981 709 2060 dispensationes
728 1981 769 2041 ab
784 1978 1076 2058 irregularitatibus,

147 2075 216 2134 tum
247 2075 352 2153 quoad
382 2075 607 2152 impedimenta
632 2073 839 2150 matrimonii,
875 2070 1080 2133 confessario-

148 2184 219 2226 rum
246 2167 444 2228 saecularium
478 2171 509 2228 et
539 2167 732 2246 regularium
761 2165 1021 2244 approbationes,
1049 2167 1080 2223 et

145 2258 407 2338 jurisdictionem,
425 2261 670 2322 reservationem
688 2277 829 2335 casuum,
845 2261 900 2319 aut
916 2258 956 2318 ab
969 2257 1080 2317 iisdem

150 2351 390 2430 absolutionem,
413 2357 485 2429 etc.,
517 2352 638 2431 plenius
660 2351 789 2412 definire
815 2369 877 2411 non
906 2352 1026 2428 spectet
1041 2348 1081 2409 ad
1144 2415 1147 2421 ,

148 2447 240 2505 tract.
264 2463 350 2523 gen,
366 2449 396 2506 et
410 2445 487 2506 alias
501 2445 533 2505 in
549 2445 629 2507 titul.
648 2445 686 2503 de
703 2443 797 2503 rebus
813 2441 880 2502 haec
895 2441 1000 2503 omnia
1014 2459 1081 2501 ver-

148 2539 269 2598 santur.
296 2538 345 2598 Ad
374 2538 528 2618 maj0rem
563 2538 658 2599 etiam
689 2535 910 2597 tractationem
947 2534 1083 2612 pertinet

150 2647 314 2690 recensere
328 2650 366 2691 ea
379 2650 448 2711 quae
467 2634 659 2692 concernunt
669 2628 805 2708 episcopi
827 2625 1079 2706 praecedentiam,

151 2721 271 2798 sedem,
286 2741 341 2784 seu
348 2724 425 2804 jura
439 2723 601 2804 honorifico
616 2725 639 2783 1.

116 2813 119 2819 ’
192 2815 275 2878 Satis
294 2816 333 2876 de
350 2817 500 2895 gradibus
521 2816 706 2877 hierarchiae
724 2812 941 2876 ecclesiasticae
964 2812 1016 2892 qui
1037 2811 1084 2872 di-

152 2907 233 2969 vinae
248 2911 321 2970 sunt
333 2908 544 2972 iustitutionis.
557 2912 646 2969 Nunc
658 2909 696 2968 de
707 2908 766 2970 illis
777 2907 829 2987 qui
838 2905 1082 2968 err-institutione

153 3000 365 3063 ecclesiastica
378 3005 481 3063 ortum
495 3001 623 3062 habent.

186 3218 191 3246 ¹
209 3217 277 3269 Vide
292 3217 409 3268 Ferraris
428 3216 569 3278 biblioth.;
583 3215 621 3266 Gi.
640 3214 825 3266 collectionem
842 3211 941 3262 decret.
962 3210 988 3261 S.
1003 3209 1084 3274 Gong.

155 3292 182 3341 C.
197 3292 356 3342 aZambcui
369 3293 494 3360 editom.;
508 3304 561 3342 vox
571 3289 659 3355 Eptoc.
