2484 4016
359 261 402 308 ou
420 259 551 310 caruero
570 262 654 311 ruma
671 261 831 312 emmer.
1005 249 1062 316 m

171 408 204 468 5⁰
226 407 329 478 Quum
341 405 505 485 provincia
521 407 718 486 singularum
727 425 790 470 non
814 407 859 470 ile
873 406 917 471 sit
936 407 1066 474 definite

132 502 168 562 ut
191 517 255 560 non
278 498 378 577 possit
390 499 520 580 aliquod
533 500 695 580 negotium
712 519 780 562 esse
800 503 866 563 tum
883 501 986 578 unius,
998 505 1066 567 tum

133 592 272 670 alteriue,
280 591 395 654 indefit
403 593 488 672 quod
496 593 639 656 obtineat
649 593 730 656 inter
739 612 792 654 eas
799 593 1067 675 jusproeventimis

133 689 167 748 ut
180 685 235 747 ille
252 685 455 765 congregatio
467 705 535 747 rem
555 687 596 748 ad
617 687 735 749 exitum
754 687 909 766 producat
936 689 989 750 nbi
1004 689 1066 768 pri·

132 779 227 840 mitus
239 779 401 858 proposita
415 781 476 853 est3
503 797 594 842 secus
608 779 779 841 incurritur
793 797 888 858 poene
902 779 1063 844 nullitatis.

134 872 183 934 Sic
191 871 325 950 proinde
336 871 362 932 si
373 871 480 950 petitio
488 873 650 952 proposita
660 875 707 934 est
719 872 954 952 congregationi
967 874 1066 937 sancti

134 964 238 1041 officii,
256 983 287 1025 v.
302 983 348 1043 g.,
370 983 433 1026 non
447 969 551 1044 potest
565 965 700 1045 amplius
717 965 1005 1046 incongregatione
1020 967 1068 1027 in·

132 1057 211 1119 dieis
229 1057 375 1136 proponi,
399 1058 449 1119 vel
461 1058 486 1120 si
499 1058 531 1119 in
546 1059 789 1138 congregatione
804 1059 1022 1139 episcoporum
1034 1063 1068 1122 et

133 1150 337 1231 regularium,
356 1169 420 1214 non
435 1155 539 1232 potest
557 1152 690 1232 proponi
708 1151 740 1214 in
764 1152 1005 1233 congregatione
1016 1172 1068 1216 sa·

132 1260 262 1307 crorum
279 1242 407 1322 rituum,
429 1248 488 1308 etc.

241 1391 352 1432 scholium
362 1392 389 1433 de
398 1391 470 1441 curta,
482 1393 528 1433 lum
537 1391 656 1442 episcopali
663 1392 789 1442 alcumena,
801 1393 847 1432 lum
856 1401 959 1436 romum

171 1525 313 1586 xxvlfl.
340 1523 442 1602 Corio,
461 1524 485 1586 si
501 1525 586 1586 vocis
601 1527 778 1604 spectemus
793 1491 931 1604 etymon,
946 1525 1068 1588 deriva-

133 1619 219 1679 lura
238 1617 326 1694 curri,
342 1635 441 1698 eoque
457 1617 808 1697 nominejsignificarunt
822 1616 922 1680 Latini
936 1617 1069 1680 aedificia

17 1717 18 1720 ’
133 1709 270 1790 publicis
287 1710 419 1790 negotiis
434 1730 488 1772 seu
504 1710 587 1772 curis
602 1709 767 1772 destinata.
785 1709 947 1772 Translate
963 1714 1069 1774 autem

131 1821 240 1880 sensu,
265 1822 321 1864 seu
348 1822 404 1883 per
430 1803 675 1882 metonymiam,
689 1803 845 1882 significat
870 1803 1069 1882 complexum

131 1895 277 1957 omnium
291 1895 470 1958 officialium
486 1896 539 1976 qui
554 1896 586 1956 in
607 1895 772 1976 principali
787 1895 967 1974 reipublicae
981 1896 1070 1959 adla-

131 1989 258 2066 borant,
276 1989 329 2068 qui
343 1993 511 2070 propterea
527 1989 661 2050 curiales
683 1988 757 2050 dicti
779 1992 869 2063 sunt;
895 2007 958 2052 non
985 1989 1070 2052 absi-

17 2112 18 2126 2
131 2081 200 2142 mili
214 2081 442 2161 significatione
452 2083 513 2144 hae
522 2101 599 2144 voce
612 2082 768 2144 utimuret
781 2080 892 2164 injure
901 2082 1065 2160 canonico,

131 2193 249 2253 nempe
271 2193 329 2255 per
347 2175 467 2236 curiam
490 2175 692 2254 intelligimus
716 2175 820 2237 officie
842 2175 896 2237 illa
918 2175 1069 2240 centralis

132 2267 248 2348 quihus
261 2268 388 2348 publiea
401 2269 548 2330 Ecclesiae
561 2287 612 2330 res
626 2269 830 2348 gubernatur.

172 2362 271 2423 Porro
293 2381 365 2423 cum
378 2362 510 2424 ecclesia
522 2361 711 2424 cathedralis
723 2361 767 2422 ita
786 2360 826 2424 sit
837 2362 1016 2439 constitute,
1034 2366 1069 2426 ut

132 2453 275 2533 pluribus
299 2457 457 2518 coalescat
479 2455 691 2534 peculiaribus
716 2452 872 2531 ecclesiia,
898 2472 967 2535 qum
991 2455 1068 2516 dum

135 2565 244 2610 omnes
260 2548 435 2628 agnoscunt
451 2551 594 2612 centrum
609 2566 776 2611 commune
790 2546 909 2608 insede
923 2565 1065 2625 romana,

133 2641 265 2722 singulae
279 2641 398 2705 habent
410 2659 503 2703 suum
517 2645 660 2704 centrum
674 2640 834 2722 peculiare
849 2639 881 2701 in
893 2640 968 2702 sede
986 2639 1069 2718 epis·

134 2735 236 2815 copali
254 2735 336 2797 eirea
349 2754 444 2816 quam
458 2737 681 2816 aggregantur,
696 2734 770 2796 inde
785 2737 832 2797 est
848 2735 933 2816 quod
948 2736 995 2798 tot
1005 2733 1068 2796 sint

134 2827 230 2890 curim
248 2832 326 2908 quot
350 2829 441 2890 sedes
460 2827 669 2908 episcopalem
693 2831 725 2891 et
745 2828 858 2890 eodem
879 2827 1066 2908 ordineque

135 2920 203 2984 alim
228 2921 298 2984 aliis
314 2922 494 3002 superiores
507 2926 591 2998 sunt,
607 2921 652 2983 ita
666 2922 751 2984 etde
767 2922 872 3000 curiis,
889 2921 1067 3000 incipiendo

134 3015 174 3077 ab
187 3014 297 3078 infima
312 3015 399 3077 ouria
413 3014 580 3095 episcopali
593 3015 643 3076 vel
666 3014 755 3094 quasi
773 3013 953 3094 episcopali,
966 3012 1067 3075 donec

134 3125 191 3189 per
199 3108 321 3171 curiam
334 3108 608 3189 metropolitanam
617 3110 649 3170 et
661 3107 903 3188 patriarchalem
914 3106 954 3168 ad
966 3106 1067 3186 ipsam

134 3201 255 3264 curiam
268 3220 450 3282 supremam
463 3219 628 3264 romanam
642 3200 836 3262 devastatur.

174 3295 237 3358 Sed
259 3294 416 3374 simplices
436 3295 533 3356 curia
555 3294 754 3372 dioecesanae,
773 3291 939 3374 quantavis
957 3291 1067 3354 nobili-

134 3391 198 3451 tate
221 3391 380 3469 praestent,
408 3387 517 3468 paucis
541 3389 686 3449 cantare
699 3386 803 3448 solent
823 3384 1013 3448 officialibus
1037 3388 1069 3450 et

134 3480 396 3563 simplicissimam
415 3480 532 3543 habent
550 3479 696 3558 formam,
718 3479 877 3560 siqnidem
895 3476 1068 3542 consistunt
