2512 4012
413 324 453 370 nn
474 321 603 369 onsucro
622 321 706 369 roms
732 320 887 369 canona.
1058 309 1114 370 aul

221 468 343 530 ASixto
351 469 390 545 V,
402 486 533 529 numero
544 466 731 546 multiplices
740 466 888 528 instituta
897 465 1013 527 suntde
1021 485 1114 544 novo,

176 563 232 624 vel
247 561 316 622 aliae
327 561 396 642 jam
408 561 557 622 instimtae
574 561 606 620 in
627 559 790 620 meliorem
813 560 947 620 formam
967 560 1113 623 redacta.

178 655 335 716 Instituta
350 657 423 715 sunt
438 653 699 733 congregationes
717 651 943 730 Consistorioln,
958 687 998 698 -
1009 653 1116 715 Sacro-

178 769 249 808 rum
264 748 399 823 Rituunr,
416 782 456 792 -
469 747 686 827 Epc'amporurn
700 755 729 806 ct
742 745 946 825 chnlcrium.

222 845 250 902 A
262 841 422 903 Clemente
438 841 518 916 VIII,
538 838 798 918 congregationes
817 857 873 918 pro
895 839 1028 901 acumine
1041 840 1114 920 epic-

179 953 330 1015 coponum,
347 932 472 1013 (abrica
485 933 581 994 sancti
592 931 689 993 Petri.

222 1031 250 1088 A
266 1026 416 1106 Gregorio
429 1028 495 1104 XV,
511 1044 659 1105 congreg.
677 1024 884 1105 Propagandi·
897 1025 979 1108 fidei.

171 1161 174 1166 -
223 1121 271 1181 Ab
290 1120 419 1182 Urbano
436 1120 516 1196 VIII,
533 1118 794 1199 congregationes
814 1118 1014 1180 Immunitotir
1029 1121 1114 1181 eccl-

180 1213 309 1275 siusticoe.
321 1216 353 1274 ct
368 1211 548 1272 Visitotionis
557 1211 731 1292 apostolicae.

222 1307 272 1368 Ab
283 1305 466 1367 Innocentio
481 1307 520 1382 X,
535 1304 737 1384 congregatio
753 1303 927 1385 Disciplina
937 1306 1092 1386 regularis.

168 1439 175 1446 -
223 1399 421 1461 Aclemente
431 1400 484 1474 IX,
497 1397 700 1476 congregatio
710 1395 999 1478 Indulqcnu‘arumet
1007 1398 1116 1459 Sacru-

182 1513 250 1554 runa
264 1491 480 1573 Reliquiurum.

168 1627 174 1634 ·
223 1589 250 1648 A
265 1589 371 1646 Leone
387 1586 453 1661 XII,
469 1583 673 1664 congregatio
686 1583 872 1646 Studiorum.

223 1680 332 1742 XVIII.
361 1680 390 1738 I⁰
419 1675 614 1758 Conqrcqutio
640 1677 747 1738 Sancti
770 1677 883 1760 Officii.
912 1680 1116 1740 Interamnes
1211 1745 1213 1750 ,

167 1770 446 1852 congregationes
460 1770 681 1848 cardinalium,
703 1771 767 1832 sive
788 1772 908 1834 ratione
923 1770 1116 1851 antiquitatis

184 1866 279 1946 (illius
290 1863 374 1925 enim
382 1862 534 1924 institutio
545 1864 585 1924 ad
593 1882 665 1925 saec.
677 1865 731 1925 XII
742 1863 905 1944 ascendit),
919 1864 984 1925 sive
995 1864 1115 1925 ratione

184 1957 299 2039 objecti
314 1957 353 2016 de
367 1973 429 2035 quo
440 1959 612 2034 pertractat
625 1957 702 2038 (agit
716 1956 799 2017 enim
817 1958 856 2018 de
871 1957 991 2020 delictis
1006 1959 1115 2019 contra

182 2052 280 2113 fidem
291 2047 445 2128 patratis),
458 2048 523 2109 sive
533 2049 655 2110 ratione
670 2050 780 2129 eapitis
793 2051 843 2110 cui
853 2050 1034 2112 Immediale
1044 2050 1114 2112 sub-

179 2143 289 2226 jicitur
304 2141 412 2221 (habet
425 2140 509 2201 enim
520 2144 610 2203 Rom.
628 2142 808 2204 Pontificem
825 2148 975 2224 tanquam
986 2145 1116 2223 praelcc-

183 2241 251 2300 tum
267 2233 484 2312 ordinarium),
498 2233 624 2296 eminet.
646 2237 701 2297 Est
724 2235 777 2296 illa
793 2255 862 2316 quae
886 2238 980 2317 vulgo
1002 2237 1116 2300 dicitur

183 2345 340 2408 suprema
361 2331 392 2388 et
410 2327 797 2410 uniuersalisinquisitionic,
819 2347 874 2389 seu
895 2330 992 2391 sancti
1008 2329 1112 2392 offleii.

185 2425 263 2486 Saec.
277 2422 332 2482 XII
343 2439 415 2480 cum
427 2419 555 2481 haeresis
570 2421 772 2483 Valdensium
785 2421 816 2481 in
827 2421 1005 2499 Occidente,
1020 2423 1115 2485 etiam

183 2515 329 2591 initalia,
348 2519 555 2592 grassaretur,
571 2513 610 2572 de
622 2532 656 2574 re
668 2533 726 2575 suu
743 2531 811 2574 esso
827 2513 915 2574 duxlt
928 2517 1016 2575 Rom.
1033 2518 1115 2578 Pon-

182 2608 257 2670 tifex
268 2607 292 2667 si
306 2605 461 2686 quosdam
476 2605 560 2667 viros
569 2606 698 2686 eligeret
713 2606 777 2686 qui,
791 2626 854 2668 una
865 2626 936 2668 cum
947 2608 1112 2687 episcopie,

184 2701 336 2763 adversus
359 2699 482 2760 tantum
505 2698 625 2760 malum
643 2699 784 2761 remedia
802 2705 979 2780 opportuna
994 2720 1115 2781 qnare-

183 2796 263 2855 rent.

222 2885 344 2948 Titulus
369 2883 550 2964 inquisitoris
571 2885 702 2947 collatus
723 2886 781 2948 luit
804 2886 843 2948 ab
869 2888 1050 2949 Innocentio
1074 2889 1115 2950 III

184 2981 280 3042 Beato
292 2976 467 3038 Dominioo.
484 2976 574 3040 Unde
589 2975 707 3039 factum
727 2983 774 3041 est
788 2984 822 3040 ut
836 2980 913 3041 ordo
929 2980 1115 3041 Praedicato-

183 3089 265 3148 rum,
281 3069 560 3150 cujusllominicus
571 3070 719 3132 fundator
728 3072 838 3149 extitit,
853 3072 1023 3134 maximam
1036 3091 1115 3135 sem-

184 3183 240 3243 per
250 3169 373 3242 partem
387 3161 419 3221 iu
431 3161 611 3242 hujusmodi
624 3164 757 3243 negotiis
772 3164 928 3226 hahuerIt.

223 3260 342 3332 Roma,
358 3254 495 3315 tribunal
507 3273 604 3316 sacra
619 3255 828 3336 inquisitionis
841 3256 1008 3336 peripsum
1022 3262 1111 3321 Rom.

184 3349 368 3411 Pontificem
380 3347 560 3408 immediate
575 3350 755 3428 regebatur,
769 3349 924 3430 adjunctis
934 3369 990 3430 pro
1003 3370 1115 3430 oppor-

182 3443 315 3506 tunitate
328 3441 519 3521 quibusdam
529 3441 774 3522 coadjutoribus,
790 3443 1047 3524 quipotisSImum
1060 3447 1126 3506 eli-.

174 3535 340 3616 ,gohantur
355 3552 391 3596 ex
407 3532 517 3595 ordine
533 3533 790 3615 Praedicatorum,
808 3540 839 3598 et
855 3541 945 3600 erant
961 3539 1039 3599 alter
1051 3537 1115 3600 Mo-

963 3642 1009 3698 Ia*
