2546 4016
355 263 463 327 maten
485 265 638 328 erneisus
658 281 741 329 sunu
762 281 917 330 cauouror.
1043 266 1101 334 tta

155 395 249 478 jeete
265 399 351 473 sunt,
378 397 464 459 valet
485 403 637 480 tauquam
658 401 821 481 exemplar
835 400 1001 483 cujusdam
1021 401 1100 482 legis

159 489 405 569 imperfectioris
416 509 479 570 quo
489 492 625 556 debeant
635 494 796 556 christiani
810 495 964 576 maJ'orem
976 495 1018 556 ad
1029 513 1098 576 per·

161 582 333 645 tectionem
348 585 525 662 provocari.
539 586 628 650 Unde
644 606 683 648 ex
703 586 756 650 illo
776 591 963 668 tauquama
982 587 1097 652 minori

163 675 206 738 ad
215 675 320 754 majus
335 692 502 756 possumus
517 683 702 758 argumenta
716 699 851 744 sumere.

157 841 169 894 ς
184 845 211 886 ll.
226 830 335 885 neom
349 849 451 885 sumno
464 853 590 896 quernus
603 854 645 886 aar
654 853 711 887 rcus
720 851 951 886 muarnrmouu
963 853 1096 889 caucasus.

173 997 177 1004 ·
202 981 269 1043 Vll.
294 981 350 1042 lus
365 981 538 1042 humanum
548 982 663 1060 duplex
674 981 798 1058 dieitur,
813 999 926 1060 nempe
934 985 989 1043 aut
998 983 1095 1044 eoele-

162 1071 337 1151 siasticum,
355 1077 409 1136 eut
424 1074 525 1136 civile.
537 1077 713 1154 Utrumque
727 1077 830 1152 potest
843 1093 911 1135 esse
921 1073 991 1136 fons
1004 1092 1096 1136 caua-

163 1165 243 1227 nicae
257 1166 534 1248 interpretationis

202 1258 252 1320 Ad
260 1258 313 1338 jus
324 1260 569 1322 ecclesiasticum
581 1261 665 1340 quod
675 1263 805 1339 spectat,
821 1262 1096 1342 excarcgulaque

163 1351 347 1414 dicebamus
360 1353 547 1432 legislatoris
560 1353 753 1421 voluntatem
768 1355 963 1415 constantem
975 1373 1012 1416 ee
1026 1373 1096 1434 per-

162 1447 292 1523 petuam
300 1446 458 1524 praesumi,
472 1447 673 1526 consequitur
685 1446 770 1526 quod
779 1446 865 1526 leges
877 1446 1094 1511 ecclesiasticae

163 1537 357 1618 antiquiores
370 1538 596 1601 recentioribus
610 1539 713 1600 lucem
725 1539 901 1618 praebeant;
918 1558 975 1618 per
986 1557 1095 1602 recen-

161 1629 259 1693 tiores
271 1649 347 1694 verc
361 1633 496 1713 antiquae
507 1631 711 1711 legislationis
725 1631 846 1692 semina
855 1631 1052 1694 evolvuntur.

203 1724 252 1786 Ad
272 1723 326 1804 jus
351 1725 440 1786 civile
463 1728 569 1788 autem
590 1725 675 1806 quod
697 1727 828 1804 spectat,
858 1724 931 1785 licet
954 1723 1031 1786 illud
1041 1724 1093 1804 jus

162 1817 284 1879 nullum
307 1836 451 1879 exercere
465 1817 563 1897 possit
577 1818 730 1879 directum
745 1817 898 1878 influxum
917 1817 950 1878 in
966 1817 1094 1880 canoni-

162 1929 232 1999 cam
242 1909 535 1990 jurisprudentiam,
552 1914 745 1974 tamencum
757 1913 926 1991 utrumque
935 1911 987 1992 jus
1004 1927 1093 1993 aeque

157 2003 280 2084 justum
295 2003 341 2063 ab
356 2003 525 2083 interprete
545 2006 765 2083 presumatur,
781 2007 949 2083 propterea
963 2022 1093 2066 concors

160 2095 369 2176 supponitur:
384 2095 504 2176 justitia
518 2097 602 2158 enim
612 2096 742 2177 justitiae
757 2115 820 2158 non
834 2099 937 2175 potest
951 2115 1018 2158 aesc
1038 2114 1094 2175 op·

160 2189 282 2271 posita3
309 2189 393 2250 unde
408 2193 439 2251 et
450 2190 502 2271 jus
527 2189 617 2251 civile
631 2190 734 2251 locum
748 2193 891 2269 prestat,
907 2189 981 2252 licet
995 2188 1093 2252 subsi-

160 2283 309 2360 diarium,
331 2283 415 2346 unde
430 2301 535 2346 sacros
559 2283 705 2344 Ecclesiae
720 2302 857 2345 canonas
870 2283 1091 2363 intelligamus.

201 2376 293 2449 Quod
313 2379 418 2438 autem
434 2376 549 2439 dicitur
563 2376 602 2437 de
621 2376 692 2456 jura
708 2375 789 2436 civili
809 2376 842 2435 in
855 2394 982 2454 genere,
998 2376 1095 2454 potis-

160 2468 276 2531 simum
292 2469 352 2532 dici
363 2470 457 2533 debet
469 2470 589 2550 dejure
604 2487 747 2532 romano.
763 2471 843 2528 Nem
853 2468 1032 2547 hujusmodi
1041 2467 1094 2548 jus

159 2580 223 2626 non
238 2563 341 2624 solum
356 2565 396 2625 ob
409 2564 598 2626 eminentem
609 2562 739 2644 justitiae
753 2559 881 2622 laudem
894 2559 939 2622 ab
948 2562 1093 2624 omnibus

160 2656 308 2737 gentibus
330 2657 426 2738 recipi
440 2657 565 2734 meruit,
585 2657 630 2718 ita
644 2659 679 2718 ut
698 2654 868 2716 haberetur
879 2656 1028 2734 tanquam
1040 2653 1093 2733 jue

161 2749 251 2812 civile
267 2750 519 2813 autonomastice
528 2749 656 2827 dictum,
673 2767 729 2811 scu
739 2765 797 2827 per
809 2745 1020 2824 excellentiam,
1034 2745 1088 2809 sad

160 2843 256 2906 etiam
270 2845 390 2905 tautam
410 2842 560 2922 adeptum
574 2846 622 2904 est
633 2841 817 2923 affinitatem
830 2839 980 2921 cumjura
995 2858 1090 2902 oana-

160 2935 242 3014 nioc,
259 2939 296 2998 ut
313 2955 396 3016 saepe
416 2937 647 2998 accidatunem
666 2936 765 2997 altera
780 2934 1009 3014 legislationem
1020 2931 1090 2993 imi·

160 3030 230 3108 tari,
240 3049 338 3092 unam
352 3031 451 3092 altera
465 3029 620 3110 adjuvari.

199 3125 280 3186 Nam
294 3141 367 3186 cum
385 3122 525 3185 Ecclesia
539 3125 614 3184 nata
638 3125 669 3183 et
688 3119 795 3182 adulta
818 3119 857 3180 sit
880 3119 938 3179 sub
959 3117 1090 3196 imperio

160 3233 303 3294 romano,
321 3216 431 3298 etjam
444 3235 463 3278 a
483 3215 598 3278 saeculo
614 3215 669 3277 Xll
679 3210 929 3295 jurisprudentia
940 3210 1092 3276 canonica

160 3309 242 3373 tradi
256 3309 454 3374 consueverit
464 3309 555 3371 simul
564 3327 636 3370 cum
642 3303 892 3388 jurisprudentia
899 3322 1041 3383 romana,
1049 3305 1093 3366 uil

161 3402 282 3466 facilius
297 3403 431 3465 obtinuit
454 3411 549 3484 quam
568 3404 603 3464 ut
617 3399 775 3463 nonnullae
788 3399 875 3478 leges
889 3399 996 3462 ciuiles
1008 3418 1027 3459 a
1041 3415 1093 3460 ro·

162 3513 254 3570 mano
271 3495 342 3578 jure
356 3495 389 3558 iu
404 3491 1089 3560 codicesecclesiasticostransletrentur.1tx

954 3607 984 3664 9.
