2546 4016
317 285 423 332 merca
444 285 595 332 eruentus
616 286 698 332 rums
721 287 875 334 cluonrcr.
1005 275 1061 338 lor

141 427 217 488 mttti
229 429 342 507 nequit.
357 429 420 491 Sed
430 430 637 490 neesecunda
653 450 659 490 :
675 447 749 490 nam
762 430 837 492 satis
852 430 1062 511 deprehendi-

141 524 190 582 tur
208 539 242 580 ex
256 521 342 581 hulla
358 522 497 601 Gregorii
518 524 587 584 XIII
602 523 795 602 approbante
810 525 1062 587 emendationem

141 617 344 675 correctorum
354 630 567 691 romanorum,
580 619 717 678 mentem
727 616 885 678 Pontificis
894 636 957 679 non
966 619 1060 680 fuisse

43 735 44 792 }
143 705 229 765 dandi
254 707 325 767 huic
347 707 434 786 operi
460 697 677 769 auctoritatem
694 708 838 787 legalem,
862 710 918 770 sed
938 713 1060 773 tantum

43 811 44 850 5
140 797 278 858 laudandi
299 799 417 860 iactam
439 799 690 860 emendationem
715 805 746 861 et
764 801 955 878 impediendi
982 823 1061 883 quo-

139 891 233 951 minus
254 910 274 950 a
296 892 426 969 privatis
447 892 588 970 personis
609 892 786 953 emendatio
811 894 927 954 decreti
958 897 1056 958 fieret.

137 984 213 1062 llrgo
227 1003 284 1044 nec
298 1003 444 1062 expresse
463 1003 521 1046 nec
538 984 631 1046 tacite
652 984 827 1063 approbata
843 985 901 1046 luit
921 987 1058 1050 Gratiani

133 1077 267 1138 collectio
283 1078 416 1138 Romani
432 1078 590 1138 Pontificis
602 1078 799 1139 auctoritate.

170 1171 245 1231 VIII.
256 1171 303 1230 Ex
315 1169 406 1231 dietis
418 1174 593 1249 sequuntur
604 1170 635 1230 hi
649 1187 784 1232 canones
794 1171 923 1251 practici
937 1172 976 1233 de
988 1191 1059 1234 auc·

134 1261 252 1324 toritate
266 1262 386 1324 decreti
403 1283 409 1323 :

171 1353 270 1416 Conon
292 1357 319 1416 l.
346 1355 378 1416 Si
399 1355 569 1416 scientifica
587 1359 746 1435 quaeratur
768 1357 936 1420 auctoritas
955 1359 1057 1438 operis

134 1448 282 1525 Gratiani,
309 1452 432 1510 tantum
456 1449 562 1509 valent
580 1449 705 1527 singula
727 1454 930 1512 monumenta
954 1451 994 1511 ab
1020 1470 1057 1512 eo

132 1541 245 1618 relata,
263 1544 416 1620 qnantum
427 1541 533 1602 valent
552 1541 591 1600 de
613 1559 657 1618 se,
674 1541 707 1601 id
723 1546 781 1618 est,
796 1541 821 1602 si
835 1559 1007 1623 numquam
1025 1544 1058 1602 in

131 1633 308 1714 hujusmodi
327 1633 740 1712 operefuissentrecensita3
755 1634 860 1713 itaque
876 1634 1058 1713 apocrypha

131 1731 163 1788 ut
176 1727 376 1806 apocrypha,
394 1728 611 1805 approbeteut
623 1727 811 1806 approbata,
827 1730 885 1788 etc.

170 1819 270 1882 Conon
290 1824 320 1881 2.
345 1820 377 1881 Si
404 1823 563 1899 quaeratur
588 1820 758 1881 auctoritas
783 1819 892 1898 legalis
915 1819 1057 1900 ejusdem

131 1912 245 1991 operis,
262 1917 387 1975 tautum
395 1913 501 1974 valent
513 1912 636 1992 singula
648 1916 851 1974 monumenta
865 1931 934 1993 quae
947 1913 1053 1989 hahet,

44 2035 45 2040 κ
132 2009 280 2084 quantum
295 2010 421 2084 recepta
434 2007 484 2066 vel
499 2005 674 2085 approbate
684 2005 779 2067 fuisse
794 2007 1008 2084 perhibentur.

478 2161 655 2215 ARTIGULUS
670 2161 704 2214 II.

361 2304 396 2343 DE
413 2304 600 2344 GOLOEGTIONE
618 2304 819 2344 cucumerum,

167 2423 189 2483 Ι.
212 2415 416 2484 collectiones
432 2419 640 2495 Decretalium
651 2439 720 2500 quae
736 2440 755 2482 a
768 2421 913 2483 Gratiano
929 2419 969 2481 ad
982 2439 1055 2482 con-

132 2515 232 2576 cilium
255 2513 472 2575 Tridentiuum
497 2513 588 2575 editae
613 2517 701 2590 sunt,
728 2532 784 2592 pro
812 2514 935 2575 diverso
961 2530 1054 2593 quem

131 2605 218 2670 hodie
240 2605 382 2668 obtinent
405 2627 479 2684 usu,
496 2609 627 2686 possunt
647 2606 679 2666 in
705 2607 783 2667 dues
803 2605 917 2667 classes
933 2605 1050 2682 dividi,

43 2777 44 2782 γ
132 2720 260 2781 quarum
275 2700 343 2761 aliae
357 2699 573 2778 pontificatum
587 2699 727 2779 Gregorii
750 2701 790 2761 IX
806 2702 1051 2780 precesserunt,

132 2813 196 2874 quae
210 2794 304 2854 hodie
327 2793 495 2872 antiquatae
511 2796 583 2853 sunt
600 2813 607 2854 :
625 2793 694 2854 aliae
710 2809 779 2873 quae
799 2812 817 2853 a
841 2792 989 2872 Gregorio
1012 2791 1052 2854 IX

132 2885 394 2950 ad'Iridentinum
410 2885 500 2946 edilee
517 2889 602 2962 sunt,
622 2904 691 2966 quae
705 2885 798 2947 hodie
812 2885 915 2946 adhuc
933 2887 1049 2964 vigent.
1163 2889 1164 2894 ’

132 2982 207 3060 Ergo
232 2980 316 3040 hunc
349 2978 516 3040 articulum
542 2977 581 3038 de
609 2975 807 3038 Demetelicm
840 2976 1053 3039 collectionibus

130 3178 228 3246 publice
238 3177 323 3244 possit
343 3177 394 3242 lcqi
414 3179 438 3228 cl
458 3175 590 3242 replicari
596 3215 603 3240 ,
621 3175 661 3226 uti
678 3175 758 3226 habet
769 3173 954 3226 kalendarium
970 3173 1051 3238 Gym-

133 3256 194 3305 nasii
205 3253 389 3316 Bononiensis,
402 3265 472 3302 anno
486 3253 555 3315 1152,
568 3251 673 3302 kalend.
685 3265 746 3301 nov.
762 3251 833 3314 apud
844 3249 917 3299 Alex.
935 3249 1050 3300 Mechle-

133 3329 232 3380 vellium
244 3331 273 3379 in
285 3330 340 3378 not.
359 3328 393 3377 ad
405 3327 543 3391 Sigovium
556 3327 674 3376 historiae
686 3338 812 3376 romanae.
827 3326 878 3386 Sed
890 3339 977 3390 neque
994 3325 1051 3376 fleri

134 3406 158 3456 id
164 3405 283 3470 precepit
289 3417 376 3468 neque
386 3403 541 3454 auctoritate
547 3416 595 3453 sua
603 3401 921 3452 decretnmconlirmavit.
929 3401 1039 3465 (Devoti.
1043 3437 1051 3464 ‚

135 3481 235 3546 proleg„
244 3492 302 3544 cap.
316 3491 351 3544 vr,
362 3480 377 3542 ᾖ
387 3491 476 3542 uxxrx,
486 3481 541 3530 not.
554 3478 587 3544 l.)
