2546 4016
145 197 203 258 itt
247 195 251 202 '
353 206 581 256 msrrrorronns
601 205 684 254 sonis
705 205 860 256 nonomen.

144 371 227 430 rum,
242 350 361 416 melitio
384 351 524 412 humone
547 349 727 412 conturbari
748 351 861 428 potest,
883 353 919 416 nt
944 353 980 413 ut
1006 351 1085 414 hmo

145 447 277 510 societas
299 444 447 522 visibilis,
475 461 544 524 quae
561 443 673 504 mediis
695 443 735 504 nd
753 463 845 506 sunm
866 445 1087 508 conservatio-

145 559 217 603 nem
236 537 419 602 necessariis
439 537 591 600 instructa
604 555 671 598 esse
684 537 789 614 dehet,
811 537 905 599 etiam
927 539 1084 602 facultate

146 633 279 714 predita
309 631 349 693 sit
381 629 616 709 redintegrandi
655 628 798 692 ordinem
824 631 1043 710 perturbatum
1070 651 1080 692 :

146 727 339 808 quopropter
353 725 455 786 solent
474 721 642 786 cononistae
659 721 788 786 duobus
799 723 961 785 recensitis
979 725 1083 803 porti-

145 820 204 882 bus
221 817 346 881 tertiam
363 817 548 878 subnectere
570 833 640 896 quoe
660 814 695 875 de
706 814 833 895 judiciis
846 816 995 895 disputet.
1013 818 1082 882 Sed
1132 827 1133 830 ’

147 911 186 973 de
203 911 263 973 hae
277 917 366 992 perte
382 909 414 971 in
430 907 618 971 tractatione
638 909 773 989 speeioic
791 915 914 972 tontum
933 928 1076 989 agemus.

438 1104 598 1176 suoulo
623 1105 782 1175 PRIMA.

256 1304 303 1356 DE
327 1304 437 1360 STATU
460 1303 697 1358 PERSONARUM
720 1305 758 1355 IN
781 1303 963 1356 noctuslo.

186 1471 237 1534 ΙΙΙ.
260 1468 334 1530 Trio
355 1471 427 1530 sunt
447 1468 602 1532 elemento
617 1485 686 1549 quae
701 1470 816 1532 statum
835 1487 891 1530 seu
912 1486 1080 1548 personam

147 1561 450 1632 christinnihominis
463 1561 672 1624 determinent
680 1560 755 1642 jure
764 1562 985 1639 ecclesiastico,
1000 1563 1081 1626 sicut

147 1657 208 1721 tria
230 1659 303 1718 sunt
320 1654 446 1716 vinculo
466 1657 595 1716 externa
612 1653 726 1735 quihus
744 1655 877 1718 societas
895 1654 1080 1718 christiann-
1190 1723 1193 1732 ,

147 1768 219 1812 rum
234 1748 399 1828 colligetur
412 1767 418 1808 :
433 1751 463 1809 1⁰
477 1748 661 1814 eorumdem
674 1751 1079 1810 sacramentommconsor-

147 1843 237 1919 tium,
255 1846 288 1902 2⁰
301 1840 442 1921 ejusdem
457 1840 530 1901 fidei
550 1841 712 1919 professio,
729 1843 761 1902 3⁰
776 1840 918 1921 ejusdem
933 1841 1078 1903 fratcrnae

149 1933 323 1998 dilectionis
341 1932 530 2008 communio,
546 1932 635 2013 cujus
649 1933 679 1993 vi
695 1933 855 1996 christiani
872 1952 979 1996 omncs
993 1934 1080 1996 velut

149 2045 245 2091 unam
272 2024 384 2088 Ghristi
410 2023 560 2086 familiam
586 2025 618 2086 in
643 2026 735 2088 terris
762 2027 964 2090 constituunt.
994 2027 1077 2106 ldrgo

150 2137 313 2200 quousque
327 2117 395 2180 hoec
409 2117 470 2179 trie
484 2117 611 2180 unitatis
624 2117 749 2180 vinculo
762 2137 826 2181 non
840 2119 1007 2196 hahentur,
1024 2125 1079 2184 out

149 2213 217 2275 haeo
237 2210 298 2272 trie
323 2211 551 2273 communionis
565 2211 729 2274 elemento
752 2231 814 2274 non
839 2215 1076 2290 conservantur,

150 2304 282 2387 quisque
299 2307 334 2366 ut
348 2302 535 2368 christianus
549 2304 581 2365 iu
593 2304 664 2386 J'ure
681 2305 831 2368 canonico
851 2325 914 2368 non
931 2306 1077 2382 hebetur,

148 2399 173 2461 si
189 2416 288 2461 unum
305 2399 360 2460 aut
371 2397 505 2460 alterum
518 2397 657 2462 emiserit
671 2400 900 2477 tantummodo,
911 2415 1079 2479 personam

149 2491 260 2555 habirit
273 2491 439 2556 christiani·
451 2491 601 2570 hominis,
623 2493 678 2553 sed
692 2492 778 2554 velut
792 2493 893 2571 capite
907 2492 1079 2556 diminutus

150 2603 317 2666 personam
329 2585 462 2666 emplius
474 2603 537 2647 non
552 2585 668 2646 habere
679 2575 751 2666 jure
762 2588 868 2648 nostro
879 2589 1034 2650 censetur.

189 2680 224 2741 ln
237 2678 338 2758 primo
354 2695 429 2740 cusu
448 2679 520 2738 sunt
539 2677 669 2759 infideles
691 2679 869 2758 omnesqui
888 2679 920 2740 iu
939 2679 1024 2741 nullo
1040 2699 1079 2740 ex

149 2771 198 2834 his
211 2770 372 2832 elementis
382 2769 624 2834 communicant.
639 2772 718 2832 Sunt
731 2774 762 2833 et
771 2771 880 2840 fideles
890 2772 948 2851 ipsi
962 2773 1026 2852 qni,
1041 2772 1079 2835 li-

146 2867 200 2927 cet
210 2862 323 2926 Christi
331 2862 427 2924 fidem
441 2862 473 2924 in
486 2863 580 2926 corde
591 2864 779 2943 concipiunt,
790 2883 844 2926 ore
857 2867 1075 2946 profiteantur,

149 2955 461 3038 tumqninbaptismn
471 2954 814 3037 nondumnccepernnt,
824 2958 927 3020 nonin
938 2957 1077 3020 christin-

149 3070 224 3114 nnm
235 3050 418 3114 societatem
432 3050 542 3112 adsciti
556 3054 640 3128 sunt,
659 3051 714 3112 sed
728 3051 833 3114 adhuc
852 3052 933 3115 inter
947 3051 1078 3114 cotesto·

148 3163 244 3206 menos
255 3147 428 3208 remanent.
446 3143 484 3205 Hi
499 3161 608 3206 omnes
626 3163 689 3208 non
713 3147 785 3207 sunt
801 3163 942 3224 pensonae
958 3145 990 3206 in
1006 3145 1077 3226 jure

150 3237 370 3302 eeclesiastico.
942 3257 944 3264 ’

189 3331 237 3394 Ad
252 3330 383 3392 alteram
403 3331 594 3412 categoriam
613 3334 754 3412 spectent
775 3331 909 3394 corotici
925 3331 978 3412 qui
1003 3329 1075 3392 fidei

149 3423 390 3505 professionem,
411 3423 590 3489 sedmnotiei
611 3425 664 3507 qui
689 3424 848 3490 charitatis
868 3423 1074 3501 consortium,
