2512 4012
362 306 401 350 na
424 305 552 353 caruero
573 309 655 355 runis
680 309 835 355 ruuourcr.
1011 297 1068 359 als

131 450 207 510 citer
229 448 361 526 speciali
382 450 543 526 mandato,
571 451 627 511 sed
657 451 715 529 ipsi
727 451 867 514 adhaeret
882 454 995 516 cilicio.
1011 455 1068 515 lla-

131 545 259 620 propter
274 542 365 603 sicuti
378 542 548 621 requiritur
561 561 618 622 per
631 544 728 622 ipsius
743 545 835 607 officii
857 547 1064 624 collationem,

131 636 171 696 ita
184 654 244 714 per
253 634 396 715 ejusdem
409 636 562 697 amittitur
575 637 785 699 amissionem.
821 643 827 654 '

166 733 199 788 5⁰
215 727 386 808 Objeotum
398 727 492 807 hujus
503 728 727 807 jurisdictionis
742 749 805 792 non
819 735 864 793 est
878 733 1009 813 simplex
1022 736 1068 796 vi-

130 821 263 899 gilantia
273 839 368 898 super
383 820 556 882 ordinarios
571 822 740 899 provinciae
758 825 994 902 gubernatores,
1013 827 1068 888 sed

131 915 234 992 ipsum
247 913 389 992 regimen
410 913 602 974 ordinarium
623 916 681 975 sibi
704 916 870 995 assignata
884 919 1063 996 provincia.

130 1011 210 1068 Nam
238 1007 335 1084 legati
361 1006 522 1085 apostolici
549 1007 666 1078 hahent
686 1010 866 1087 generalem
886 1010 1066 1080 missionem

131 1099 382 1176 administrandi,
400 1099 528 1178 regendi
541 1119 577 1160 ac
591 1101 787 1178 gubernandi
801 1103 996 1181 provinciam
1008 1105 1066 1166 sihi

131 1194 337 1271 assignatam.
355 1191 444 1254 Unde
466 1192 685 1271 concipiuntur
701 1197 852 1274 tanquam
872 1197 1020 1258 ordinarii
1035 1198 1066 1259 in

73 1325 76 1332 ι
132 1285 315 1365 provincia,
336 1284 409 1345 lieet
433 1303 495 1345 non
521 1285 671 1346 ordinarii
696 1287 821 1348 nomine
846 1291 991 1368 proprio,
1010 1291 1066 1352 sed

132 1380 259 1440 nomine
284 1378 462 1439 mandantis
478 1378 609 1439 Romani
624 1379 792 1441 Pontificis.
809 1383 995 1461 llapropter,
1012 1403 1065 1462 ge-

132 1472 268 1533 neratim
282 1471 452 1550 loquendo,
467 1475 590 1533 tantum
603 1476 735 1551 possunt
748 1473 842 1554 legati
858 1474 889 1534 in
904 1475 1065 1554 provincia

135 1568 290 1645 quantum
303 1564 440 1643 episcopi
454 1564 485 1624 in
499 1563 636 1642 dioecesi,
652 1570 804 1646 quantum
817 1569 976 1628 Romanus
988 1569 1067 1628 Pon-

135 1660 210 1719 tifex
225 1659 258 1719 in
271 1658 421 1718 Ecclesia.

175 1757 209 1812 6ο
225 1751 365 1812 Diximus
379 1752 539 1832 qcacratria
555 1751 710 1832 loquendo,
726 1771 799 1812 nam
813 1754 918 1832 plures
934 1753 1065 1832 appositi

139 1845 295 1904 habentur
308 1843 422 1904 limites
439 1844 511 1904 huic
527 1845 693 1905 ordinarie
710 1845 886 1924 legatorum
902 1844 1063 1925 potestati,

139 1937 304 1998 novissimo
320 1936 494 2015 prasertim
505 1937 577 2016 juro
592 1937 713 1999 concilii
726 1938 908 2017 Tridentini,
925 1958 1000 2000 sesa.
1012 1942 1063 2015 24,

138 2049 204 2110 cap.
222 2034 276 2106 20,
294 2029 329 2090 de
342 2030 565 2108 reformatione,
581 2033 616 2091 ut
633 2030 780 2092 videlicet
800 2032 981 2093 consulatur
1000 2031 1064 2092 sive

138 2123 247 2186 honori
262 2123 371 2202 primae
387 2121 484 2199 sedis,
501 2122 566 2184 sive
586 2123 751 2184 ordinariae
771 2124 965 2203 singulorum
985 2123 1066 2204 epis-

136 2235 287 2296 coporum
311 2215 540 2297 jurisdictioni,
562 2235 600 2275 ne
630 2216 789 2278 videretur
817 2219 866 2279 vel
892 2217 969 2278 nihil
998 2236 1064 2278 esse

137 2313 276 2371 Romano
292 2308 433 2370 Pontifici
449 2313 658 2386 reservatum,
675 2310 725 2369 vel
743 2329 780 2369 ex
797 2311 858 2371 alia
874 2315 964 2390 parte
984 2311 1065 2373 frus-

135 2408 289 2481 traneum,
304 2403 353 2462 vel
368 2420 503 2462 vacuum
518 2402 607 2462 reddi
623 2401 831 2479 episcopalem
847 2404 992 2482 gradum.

173 2501 204 2558 7⁰
218 2494 404 2575 Hujusmodi
416 2495 616 2555 limitationes
628 2499 701 2555 sunt
710 2495 874 2573 pauciores
884 2514 941 2574 pro
952 2495 1063 2574 legatis

135 2590 280 2665 alaterc,
295 2590 401 2667 plures
421 2591 452 2648 et
468 2587 603 2667 majores
623 2606 680 2666 pro
702 2586 819 2648 nuntiis
836 2588 886 2648 vel
905 2588 1064 2648 internun-
1099 2587 1102 2594 ’

133 2682 184 2744 tiis
199 2682 389 2760 apostolicis.
406 2684 480 2753 Qua
495 2681 665 2742 sustinetur
684 2679 858 2742 differentia
876 2680 997 2741 etiamsi
1013 2681 1062 2741 ist'

135 2775 234 2836 ultimi
252 2775 415 2836 mittantur
434 2792 506 2834 eum
525 2777 679 2852 potestate
696 2774 791 2854 legati
810 2793 829 2835 a
847 2775 955 2836 latere.
973 2777 1065 2834 Nam-

135 2887 195 2948 que
221 2868 362 2928 subhac
385 2866 526 2946 generali
552 2866 701 2928 mandato
727 2886 791 2929 non
815 2872 982 2930 censentur
1004 2867 1063 2926 illis

134 2961 308 3023 commissae
326 2962 490 3021 facultates
504 2959 564 3021 illa
578 2979 646 3038 quae
661 2960 701 3020 oh
718 2961 885 3040 specialem
900 2960 1065 3021 difficulta-

134 3058 198 3115 tem
214 3072 310 3133 quam
323 3053 493 3129 continent,
506 3052 668 3131 speciatim
682 3053 862 3115 debuissent
875 3051 1061 3132 significari3

134 3147 254 3208 scilicet
272 3147 331 3207 illis
346 3147 520 3207 commissae
535 3145 664 3206 veniunt
684 3164 791 3207 omnes
811 3146 973 3208 facultates
993 3163 1063 3224 quae

134 3244 207 3301 sunt
221 3241 358 3319 aequales
370 3240 421 3301 vel
433 3240 570 3300 minores
582 3238 642 3298 illis
655 3256 725 3318 quae
738 3257 891 3317 expressae
907 3237 1063 3299 hahentur

133 3331 166 3392 in
179 3333 290 3395 litteris
306 3334 365 3393 hae
379 3334 417 3394 de
432 3352 466 3393 re
480 3332 572 3408 datis,
586 3349 649 3391 non
666 3335 772 3393 autem
786 3331 846 3392 illae
866 3349 947 3411 quae,
960 3330 1062 3411 prouti

134 3425 263 3506 majoris
278 3426 445 3503 momenti,
460 3425 586 3505 speciali
602 3428 677 3486 nota
691 3424 794 3505 dignae
809 3423 948 3487 luissent.

176 3519 258 3581 Satis
272 3519 405 3584 diximus
416 3520 455 3583 dc
466 3520 615 3602 gradibus
629 3519 910 3602 supraepiscopalis
919 3517 1062 3600 jurisdic-
