2546 4016
187 263 226 321 96
396 273 623 322 rrsrrrurlouss
644 273 725 320 rums
748 273 901 320 cruorum.

189 421 296 481 temet
310 416 522 479 confusionem
536 416 701 496 cujusdam
713 417 849 496 antiquae
862 415 1014 478 versionis
1025 435 1120 480 cano·

188 529 264 572 num
278 527 465 589 graecorum,
480 509 628 587 cumipse
639 514 721 571 esset
736 510 834 570 latina
845 513 876 570 et
889 527 994 588 greca
1008 509 1122 590 lingua

189 602 404 683 peritissimus,
418 605 547 681 rogatus
568 620 588 660 a
599 602 781 679 Laurentio,
803 605 952 663 Romanae
969 603 1121 665 Ecclesiae

190 696 340 772 diacono,
365 699 434 757 cta
456 694 615 773 Stephano
634 695 796 756 Dalmatiae
814 695 981 773 episcopo,
1001 714 1121 757 novam

190 787 365 850 versionem
376 805 552 866 grecorum
571 805 727 848 canonum
742 787 882 866 perfecit.

230 881 293 944 Sed
309 884 424 960 praeter
440 898 576 942 canones
592 879 795 941 conciliorum
811 879 939 957 Nicaeni,
956 882 1121 960 Ancyran-

190 974 243 1052 sis,
260 973 539 1049 Neo-cesariensis,
562 972 762 1056 Gangrensis,
774 971 991 1049 Laodicensis‚
1008 974 1122 1036 Antic-
1139 975 1141 980 ’

191 1067 293 1143 cheni,
311 1071 341 1128 et
360 1065 703 1144 Constantinopolitani‚
726 1065 790 1145 qui,
807 1069 848 1125 -ut
865 1065 931 1143 ipse
942 1066 1118 1144 profitetur,

188 1159 256 1240 jam
271 1161 361 1220 erant
381 1157 516 1218 traducti
534 1158 566 1217 in
585 1157 762 1218 versionem
781 1161 930 1238 vetarem,
953 1157 1075 1220 addidit
1089 1162 1121 1220 et

191 1251 356 1330 50priores
367 1269 502 1311 canones
517 1250 741 1328 apostolorum,
757 1268 893 1310 canones
903 1237 1117 1328 sardicenses,

191 1344 461 1407 chalcedonenses
477 1345 507 1404 et
519 1343 692 1404 Africanae.

230 1437 372 1498 Perfecta
395 1436 455 1496 hac
494 1435 636 1503 versione
669 1454 725 1497 seu
752 1436 811 1498 hac
838 1435 937 1497 latina
963 1453 1122 1498 canonum

192 1530 433 1609 compilatione,
456 1531 585 1608 rogatus
608 1547 628 1589 a
650 1527 775 1590 Juliano
802 1532 952 1590 Romana
973 1529 1121 1590 Ecclesiae

192 1624 397 1704 praesbytero,
411 1622 505 1701 coepit
516 1621 610 1684 etiam
622 1621 768 1701 colligere
785 1621 956 1683 decretales
966 1623 1122 1684 Romano·

193 1736 263 1778 rum
278 1715 474 1792 Pontificum,
496 1715 581 1795 quod
595 1714 668 1774 fecit
689 1713 866 1792 incipiendo
882 1733 901 1774 a
915 1712 1052 1792 Syricio,
1068 1714 1121 1793 qui

193 1809 412 1871 Pontificatum
423 1808 520 1887 gessit
538 1807 596 1867 sub
613 1808 675 1867 fine
695 1807 801 1868 saeculi
816 1809 872 1884 Vl,
892 1805 1063 1866 desinendo
1082 1805 1122 1866 ad

196 1901 395 1963 Anastasium
414 1901 492 1976 llum,
519 1898 607 1978 cujus
629 1899 687 1960 sub
705 1899 888 1977 pontificatu
917 1899 1001 1959 circa
1026 1899 1122 1959 finem

196 1993 300 2055 saeculi
321 1992 524 2070 Vllyonisius
537 1993 669 2053 Romam
692 1995 831 2054 venerat.
855 1994 901 2053 Ita
916 1990 1031 2069 prodiit
1052 1991 1122 2052 haec

195 2085 334 2149 collectio
348 2084 463 2163 duplici
478 2087 567 2163 parte
583 2089 729 2146 constans
748 2106 754 2145 :
779 2086 878 2145 altera
892 2101 1028 2144 canones
1046 2101 1121 2144 con-

166 2209 168 2214 ·
193 2181 335 2242 ciliorum
356 2178 589 2256 complectens,
622 2178 721 2239 altera
744 2171 913 2239 decretalia
934 2175 1120 2238 Pontificum

193 2271 576 2350 Romanorumcolligens.

464 2419 496 2464 11.
511 2424 540 2463 De
554 2421 824 2464 collecttoaclsldorlana.

233 2549 284 2612 IV.
301 2551 375 2609 Post
397 2545 631 2625 Dyonisianam,
653 2546 715 2606 alia
736 2543 852 2623 prodiit
874 2541 1119 2604 celebratissima

194 2641 334 2704 collectio
350 2657 505 2701 canonum
523 2637 669 2699 Ecclesiae
682 2638 804 2714 latinae,
823 2655 908 2716 quae,
928 2635 941 2716 j
966 2639 1019 2696 xta
1040 2653 1119 2696 nou-

193 2735 294 2794 uullos
312 2732 449 2808 codiceS,
466 2749 581 2792 nomeu
593 2749 657 2808 prae
678 2749 710 2790 se
730 2730 790 2790 fert
809 2727 918 2790 Isidori
932 2726 1116 2804 Mercatorie,

190 2826 281 2907 juxta
305 2823 402 2900 alios,
431 2823 540 2884 lsidori
567 2822 751 2896 Peccatoris‚·
766 2825 914 2882 caeterum
943 2818 1117 2880 collectoris

192 2936 302 2980 rerum
315 2934 429 2977 nomeu
441 2920 472 2977 et
481 2915 585 2994 patria
595 2916 793 2994 ignorantum
807 2915 862 2974 sed
872 2911 1039 2992 tempusin
1055 2928 1116 2990 quo

192 3013 327 3088 virebat,
344 3009 400 3070 etsi
423 3028 485 3070 non
498 3008 639 3069 absolute
657 3011 875 3087 cognoscatur,
893 3011 998 3066 tamen
1020 3024 1058 3064 ax
1079 3021 1123 3086 co·

191 3105 276 3185 quod
299 3105 367 3164 haec
390 3101 531 3164 collectio
555 3101 801 3178 comprehendat
820 3117 959 3190 canones
985 3097 1117 3176 alicujus

191 3197 313 3258 concilii
322 3195 503 3257 Parisiensis
512 3194 608 3255 hahiti
620 3212 702 3253 anno
715 3197 783 3270 829,
799 3193 878 3253 solet
888 3190 980 3252 statui
994 3189 1116 3249 initium

191 3288 284 3367 hujus
297 3288 486 3349 collectionis
499 3287 582 3356 eirea
591 3287 730 3348 medium
745 3285 850 3345 saeculi
865 3285 917 3360 lX,
928 3282 1038 3343 codem
1049 3281 1114 3340 fe're

192 3387 331 3460 tempore
356 3399 417 3458 quo
443 3380 558 3457 prodiit
585 3379 725 3440 collectio
747 3378 900 3440 Photiana
925 3376 956 3434 in
981 3373 1115 3434 Orientis

190 3472 338 3544 Ecclesia.
