2514 4014
162 273 182 340 6
373 287 601 338 rusrrrurrours
621 290 704 340 ruu1s
726 290 880 338 cruorum.

163 430 284 492 nendos
298 431 389 492 facile
400 433 593 498 constituunt
609 435 768 515 objectum
782 435 1003 511 scientificum
1020 456 1098 499 nam

164 541 236 583 cum
274 527 443 604 conceptus
477 526 583 605 legum
611 527 817 606 clarissimus,
855 529 1003 607 spectatis
1035 530 1099 591 cir-

166 616 360 678 cumstantiis
387 616 531 680 omnibus
556 620 588 680 in
615 621 729 700 quibus
755 621 918 698 feruntur,
937 641 1005 684 esse
1031 641 1097 684 non

164 707 332 788 potuisset,
348 709 465 772 factum
493 715 597 773 estut
625 713 738 776 eruditi
764 713 823 775 viri
848 731 901 774 eas
928 716 1098 793 explanare

165 801 268 861 conati
292 805 380 879 sunt,
408 803 458 864 vel
483 804 677 882 explicando,
695 804 745 866 vel
770 805 1016 885 interpretando,
1044 808 1097 870 vel

165 892 369 971 vindicando,
383 898 414 957 et
429 897 598 958 effecerunt
612 902 646 958 ut
663 917 701 958 ex
715 897 882 976 legesscivili
897 902 928 960 et
944 900 1099 962 canonica

166 983 297 1048 facultas
319 987 465 1065 quadam
487 991 713 1052 efformaretur.
740 989 817 1050 Hinc
838 990 944 1069 legum
965 991 1098 1053 scientia

167 1081 261 1138 enata
274 1082 331 1156 est,
347 1098 417 1159 quae
436 1081 522 1160 leges
536 1100 593 1160 pro
609 1082 759 1145 varietate
773 1085 952 1161 temporum
965 1087 996 1146 et
1009 1085 1098 1146 loco-

165 1189 237 1232 rum
250 1172 386 1249 exponit.

206 1263 258 1326 lv.
282 1263 337 1324 His
354 1266 542 1344 generaliter
561 1266 743 1348 praelibatis,
760 1267 869 1346 paucis
893 1268 1097 1330 scientificum

168 1355 449 1420 ecclesiasticarum
463 1359 570 1437 legum
590 1359 801 1422 evolutionem
815 1380 1053 1442 prosequemur.

116 1460 120 1466 ·
207 1449 253 1509 Ex
272 1448 352 1528 juris
378 1450 558 1513 diversitate
577 1450 775 1530 potissimum
798 1457 830 1515 et
850 1441 1023 1516 ex'formae
1040 1473 1097 1514 seu

167 1541 369 1603 institutionis
403 1542 581 1604 discrimine
621 1543 704 1606 iuter
741 1544 903 1625 utriusque
939 1545 1098 1608 societatis

168 1634 270 1712 leges,
290 1638 421 1713 apparet
446 1635 633 1704 differentia.
656 1639 756 1716 Leges
774 1638 989 1702 ecclesiastica
1010 1638 1097 1700 initio

169 1743 277 1804 paucae
302 1727 444 1800 fuerunt;
463 1728 576 1788 deinde
601 1729 641 1790 ob
666 1730 849 1790 earumdem
867 1731 1099 1792 multitudinem

169 1819 367 1880 collectiones
389 1823 420 1880 ct
442 1820 565 1882 codices
591 1820 650 1882 orti
675 1826 762 1884 sunt.
783 1823 861 1883 llinc
888 1824 973 1902 leges
990 1823 1099 1902 hujus-

168 1910 265 1987 modi,
282 1911 366 1971 viam
380 1912 604 1988 patefacientes
620 1912 722 1974 dubiis
738 1917 768 1976 et
778 1913 1096 1993 interpretationibus,

168 2001 306 2064 scientia
321 2021 436 2064 nomeu
460 2003 519 2064 sibi
541 2005 764 2067 vindicarunt:
782 2008 929 2086 quaelibet
947 2024 1022 2068 vero
1047 2025 1098 2067 ars

168 2098 199 2156 et
212 2095 347 2156 scicntia
360 2094 455 2158 hahet
468 2115 558 2157 suam
574 2097 747 2159 historiam.

210 2187 320 2260 Quoad
328 2188 381 2268 jus
396 2189 593 2266 canonicum,
607 2189 755 2268 distingui
766 2194 868 2269 potest
882 2211 888 2252 :
906 2194 937 2253 10
955 2195 1030 2252 atas
1043 2194 1099 2251 Pa·

167 2285 252 2342 trum
262 2280 302 2340 ah
315 2280 403 2343 initio
416 2280 576 2362 religionis
587 2282 765 2344 christianae
775 2281 816 2343 ad
827 2283 978 2345 saeculum
991 2286 1097 2356 Xll²¹¹¹¹3

171 2378 202 2434 2⁰
215 2392 235 2433 a
247 2374 361 2434 saeculo
378 2376 446 2436 Xll⁰
461 2374 634 2452 sextium,
652 2378 729 2436 aetas
747 2374 1022 2451 scholasticorum
1038 2379 1070 2436 30
1080 2395 1100 2436 a

172 2466 287 2528 saeculo
303 2469 386 2530 XVl⁰
401 2466 442 2528 ad
458 2485 516 2528 nos
528 2485 640 2546 usque,
656 2471 733 2530 aetas
750 2467 996 2530 restaurationis.

212 2563 243 2619 10
263 2558 311 2620 Ab
338 2559 443 2637 initio,
462 2559 515 2639 jus
537 2559 781 2621 ecclesiasticum
801 2579 821 2620 a
840 2579 930 2621 sacra
942 2559 1101 2640 theologia

173 2651 355 2712 distinctum
378 2671 441 2714 non
459 2653 528 2714 fuit.
543 2652 716 2731 Theologia
737 2652 820 2714 enim
841 2657 909 2715 erat
931 2653 1047 2714 docens
1069 2657 1100 2714 et

174 2744 249 2823 quid
259 2744 451 2806 credendum
463 2749 494 2806 et
504 2745 580 2825 quid
589 2746 758 2823 agendum.
868 2761 871 2770 ·

213 2841 244 2896 2⁰
258 2839 391 2898 Demum
416 2837 532 2899 lactum
548 2842 595 2899 est
607 2841 643 2898 ut
655 2837 816 2916 theologia
834 2837 918 2898 circa
939 2837 1097 2917 dogmata,

169 2930 222 3010 jus
237 2932 342 2991 autem
355 2929 438 2990 circa
452 2930 666 3008 discipliuares
678 2930 763 3009 leges
773 2933 953 2992 versaretur
966 2948 972 2989 :
985 2931 1099 2991 saeculo

174 3024 241 3083 Xll⁰
253 3025 363 3083 Petrus
374 3022 568 3084 Lombardus
582 3026 613 3083 et
628 3022 793 3084 Gratianus
805 3023 981 3083 studiorum
1004 3024 1101 3086 eccle-

173 3114 369 3176 siasticorum
381 3133 516 3193 regnum
528 3115 610 3176 inter
622 3133 668 3191 se,
683 3118 719 3177 ut
730 3115 775 3176 ita
785 3115 898 3191 dicam,
916 3114 1098 3180 diviserunt.

174 3209 208 3268 P.
226 3207 506 3269 Lomhardusfidei
520 3207 704 3270 veritatibus
726 3207 918 3269 illustrandis
938 3225 975 3268 ac
995 3208 1102 3267 delen-

175 3299 301 3376 dendis‚
319 3299 484 3362 Gratianus
504 3317 579 3362 vero
598 3300 720 3378 legibus
739 3301 886 3362 Ecclesia
906 3300 1099 3379 colligendis,

174 3392 417 3470 interpretandis
432 3410 468 3453 ac
481 3393 687 3470 vindicandis,
705 3411 903 3472 summopere
917 3391 1098 3454 incubuere.

175 3486 222 3545 lta
244 3485 361 3546 lactum
389 3488 492 3546 estut
518 3489 628 3547 Petrus
654 3484 849 3546 Lombardus
884 3485 1103 3564 theologorum
