2512 4012
388 285 429 332 ua
450 283 579 334 canoro
597 286 682 335 sums
704 285 861 336 cononici.
1031 275 1091 338 283

155 429 263 493 tiliois.
274 431 366 494 Unde
379 429 452 492 Pius
467 432 518 507 lv,
534 448 597 512 quo
607 431 758 496 Pontms
773 433 915 494 clausum
928 433 976 496 est
988 431 1092 496 conci·

152 523 235 586 lium
257 522 492 600 radentium,
516 541 556 584 us
581 542 671 586 mens
689 524 943 589 'tridentinorum
966 527 1092 608 patrum

153 617 423 693 defraudaretur,
451 615 612 696 prohibuit
633 635 671 678 ex
697 636 762 682 una
786 625 876 698 perte
903 637 943 682 ue
969 619 1092 700 privata

153 709 345 773 auctoritate
357 708 568 790 adjicerentur
581 711 693 790 glossa
706 713 738 773 ct
751 711 1024 792 interpretationes
1035 713 1092 776 de-

153 803 251 866 cretis
267 802 498 880 conciliaribus,
511 806 543 864 et
557 823 594 865 ex
606 805 668 866 elia
686 803 819 867 instituit
830 806 1002 886 quemdem
1016 823 1092 870 cen-

153 897 375 978 gregatiouem
395 897 614 975 cardinalium,
632 915 727 978 quam
742 897 820 959 dixit
835 917 891 978 pro
909 898 1093 963 cimmeriis

153 1000 182 1054 et
196 990 367 1054 recoctione
380 989 498 1051 concilii
513 989 689 1054 Tridentini.

195 1085 269 1147 Fuit
282 1083 379 1164 igitur
391 1082 585 1162 primitivum
599 1102 715 1146 munus
729 1083 823 1166 hujus
838 1084 1092 1166 congregationis

156 1173 330 1260 procurare
351 1181 386 1241 ut
402 1176 455 1258 jus
476 1176 695 1240 Tridentinum
708 1195 801 1240 suam
820 1177 952 1242 haberet
976 1197 1091 1244 execu-

154 1273 287 1336 tionem.

197 1366 262 1428 Sed
277 1383 349 1426 cum
362 1363 574 1444 prospexisset
586 1362 727 1427 Sirtusl'
740 1364 825 1446 quod
834 1364 867 1425 in
882 1365 1090 1444 applicatione

156 1458 302 1540 ejusdem
321 1456 444 1518 concilii
457 1457 563 1536 plures
571 1473 735 1537 emergere
749 1463 877 1536 possent
889 1457 1088 1538 questiones,

157 1571 228 1635 quae
249 1549 466 1615 desiderarent
484 1550 698 1614 authenticam
720 1548 964 1614 declarationem
980 1569 1091 1616 eorum

157 1663 228 1726 quae
247 1645 390 1716 instituta
409 1643 535 1705 fuerant
555 1643 587 1705 iu
611 1643 758 1721 concilio,
784 1643 947 1724 ampliavit
975 1662 1090 1708 munus

158 1737 415 1818 congregationis,
433 1737 667 1818 (const'tutione
684 1736 998 1818 Immenso),eamqua
1013 1737 1091 1800 dixit

158 1832 332 1894 institutam
344 1849 407 1892 non
428 1834 551 1894 tantum
564 1849 622 1910 pro
635 1831 828 1910 executione,
847 1829 903 1892 sad
921 1831 1016 1894 etiam
1031 1849 1089 1912 pro

159 1925 415 2005 interpretatione
435 1923 557 1990 concilii
578 1924 763 1987 tridentini.
792 1924 882 1988 Unde
904 1924 1090 2005 bipartitum

160 2018 366 2082 luitoftioium
380 2017 473 2099 hujus
491 2019 523 2080 S.
540 2017 791 2098 congregationis
808 2039 815 2080 :
833 2021 863 2080 l⁰
887 2016 1090 2100 interpretatio

160 2111 340 2174 donatorem
370 2109 615 2191 disciplinarium,
639 2111 780 2174 consulto
805 2113 898 2174 Rom.
925 2111 1087 2191 Pontifice,

159 2205 318 2279 sacienda3
338 2222 414 2266 uam
440 2204 654 2283 interpretatio
674 2221 832 2268 canonum
859 2205 1090 2287 dramaticorum

159 2302 338 2360 reservatur
358 2297 450 2360 unice
465 2299 552 2360 Sum.
584 2298 745 2374 Pontifici;
767 2303 800 2361 2⁰
824 2300 955 2362 caecutio
976 2319 1090 2363 mrum-

159 2391 423 2454 demdrcrctorum.

196 2487 328 2549 Constat
353 2485 422 2548 baec
445 2485 647 2564 congregatio
667 2483 810 2564 pluribus
836 2483 1047 2548 cardinalibus
1071 2506 1091 2550 a

160 2583 248 2642 Rom.
277 2577 426 2640 Pontifice
446 2577 570 2656 clectis,
590 2596 725 2659 quorum
752 2597 833 2641 unus
848 2577 1010 2660 prefectus
1028 2582 1086 2644 est.

159 2673 270 2750 Habet,
288 2672 368 2733 sicut
383 2673 504 2734 caetera
518 2672 794 2752 congregationes,
811 2689 884 2735 suos
897 2671 1090 2736 consultores

158 2784 195 2828 ac
207 2765 377 2842 ministros,
387 2782 521 2844 quorum
531 2781 612 2826 uuus
625 2769 672 2828 est
682 2769 835 2848 tanquam
847 2764 1042 2830 consiliarius
1052 2785 1090 2830 ac

158 2859 300 2940 minister
309 2857 693 2938 primariusqueexecutor
705 2860 904 2924 decretorum
914 2859 1090 2942 hujuscon·

159 2951 360 3033 gregationis,
380 2951 552 3014 senatorio
566 2971 689 3032 nempe,
706 2954 760 3034 qui
775 2956 823 3016 ast
836 2973 875 3015 ex
888 2953 998 3016 ordine
1010 2971 1089 3034 pre·

158 3047 304 3108 latemur.
326 3044 383 3106 Hic
403 3048 508 3108 autem
528 3045 697 3126 adjuvatur
712 3046 853 3126 pluribus
871 3045 1032 3124 ministris,
1052 3065 1090 3108 ex

160 3139 273 3220 quibus
287 3138 444 3200 secretorio
463 3137 580 3200 coecilii
593 3131 735 3220 emergit.

199 3231 302 3294 Aliam
332 3231 609 3312 congregationem
637 3231 771 3294 instituit
791 3229 979 3294 Benedictus
1001 3233 1087 3310 XIV,

160 3343 222 3387 non
236 3324 475 3403 cardinalitium,
487 3324 686 3405 praelatltiam
698 3329 814 3404 tamen,
831 3325 864 3386 in
883 3325 1089 3407 appendicem

160 3417 251 3480 dictae
276 3419 528 3498 congregationis
550 3418 684 3496 concilii,
709 3418 797 3500 cujus
819 3422 866 3482 est
886 3417 975 3500 quasi
988 3419 1090 3482 subsi-

160 3510 270 3574 diaria.
295 3513 356 3574 Pro
371 3529 501 3575 munere
520 3511 616 3576 babet
640 3513 864 3594 examinandas
883 3512 1089 3596 litterasque
