2546 4016
361 412 626 480 TRAGTA'HO
648 411 931 480 sensatus.

218 593 241 652 Ι.
259 588 417 652 Generalis
427 592 534 650 autem
547 589 616 650 hoec
631 586 849 650 determinatio
865 587 978 649 horum
988 585 1110 667 jurium

179 686 210 746 et
222 682 407 758 officiorum,
428 699 525 762 quum
546 680 980 758 nitatur,velutfundamento
992 697 1061 758 suo,
1076 679 1109 740 in

178 777 261 838 statu
275 774 412 856 juridico
428 794 490 854 quo
504 775 623 855 gaudet
634 773 786 850 Ecclesia,
800 772 874 834 inde
888 773 924 836 fit
940 773 1025 853 quod
1042 776 1111 835 tota

178 869 246 932 baec
263 869 419 948 generalis
439 868 583 930 tractatio
609 868 641 928 in
663 867 695 928 id
716 865 882 928 resolvitur
903 867 939 927 ut
953 865 1110 944 juridicus

178 962 228 1024 bio
241 961 388 1024 Ecclesiae
402 964 501 1023 status
511 961 747 1024 determinetur.

217 1057 314 1118 Porro
327 1054 466 1116 Ecclesia
481 1053 596 1134 duplici
616 1055 674 1116 sub
694 1057 822 1132 aspectu
841 1052 1034 1116 considerari
1050 1071 1109 1132 pc-

176 1151 246 1224 test,
263 1149 417 1226 quatenus
428 1164 540 1227 nempe
553 1151 600 1209 est
608 1147 738 1209 visibilis
752 1147 802 1207 vel
812 1145 974 1207 invisibilis
989 1166 995 1206 :

216 1239 281 1301 Sub
301 1238 411 1300 ultimo
431 1243 559 1318 aspectu
586 1239 665 1301 nihil
681 1239 767 1300 aliud
787 1243 834 1301 est
857 1238 996 1300 Ecclesia
1012 1257 1107 1318 quam

176 1331 352 1394 animarum
371 1331 504 1393 societas
520 1351 601 1412 quae,
618 1350 675 1413 pro
691 1332 843 1413 principio
861 1331 1105 1411 aggregationis,

175 1424 270 1486 habet
290 1424 425 1503 gratiam
446 1425 575 1503 Christi,
597 1443 655 1504 pro
671 1424 731 1506 fine
749 1425 847 1486 vitam
866 1427 1032 1500 aeternam,
1049 1442 1106 1502 pro

174 1515 277 1578 mediis
285 1517 478 1597 theologales
492 1519 634 1580 virtutes.
649 1517 714 1580 Sub
727 1518 787 1579 boo
801 1519 929 1596 aspectu
947 1516 991 1579 sio
1005 1516 1108 1578 consi-

175 1611 294 1687 derata,
309 1610 449 1672 Ecclesia
462 1611 566 1689 potius
583 1615 632 1672 est
645 1610 802 1691 objectum
816 1609 889 1670 fidei
905 1627 1000 1689 quam
1013 1609 1104 1690 juris.

214 1703 313 1784 Hujus
323 1703 479 1766 societatis
494 1704 596 1765 forma
608 1703 802 1767 theocratica
811 1706 869 1780 est,
882 1702 1038 1782 siquidem
1047 1703 1107 1764 im-

173 1795 309 1858 mediate
324 1815 344 1858 a
362 1799 426 1858 Deo
446 1800 543 1859 recta.
565 1799 663 1859 Nemo
683 1797 767 1857 enirn
788 1796 882 1859 datur
900 1795 961 1876 qui·
975 1794 1109 1874 imperet

172 1893 287 1969 prater
306 1889 410 1967 ipsum
437 1891 552 1967 Deum,
579 1889 635 1949 sed
664 1908 772 1950 omnes
792 1888 936 1950 omnibus
957 1888 1107 1968 prodesse

171 1983 301 2060 possunt
319 1999 377 2060 per
397 1980 654 2042 intercessionem
673 1982 757 2061 apud
780 1984 890 2044 Deum.
912 1984 986 2044 Haec
1000 1984 1107 2044 autem

170 2073 350 2135 intercessio
379 2072 480 2152 magis
513 2073 562 2134 vel
589 2074 692 2135 minus
718 2074 866 2153 prodest,
890 2077 958 2136 tum
983 2074 1106 2136 ratione

169 2165 266 2242 modi,
283 2169 350 2226 tum
365 2165 484 2227 ratione
503 2167 684 2247 qualitatis:
702 2167 823 2230 ratione
842 2167 939 2244 modi,
959 2165 1103 2246 specialis

169 2261 297 2336 praestat
315 2258 474 2336 generali3
489 2259 610 2321 ratione
632 2260 805 2340 qualitatis,
824 2261 906 2322 illius
919 2278 1032 2338 nempe
1047 2260 1101 2338 qui

169 2349 255 2411 illam
270 2353 402 2427 exercet,
421 2354 452 2412 ct
466 2351 600 2414 babetur
611 2353 644 2412 in
662 2353 783 2414 ratione
802 2353 923 2414 directa
934 2352 1101 2432 perlectio-

168 2442 217 2503 nis
238 2441 471 2506 intercedentis.
495 2444 647 2506 Omnibus
666 2464 730 2506 una
755 2449 884 2524 praeest,
907 2463 1021 2523 nempe
1042 2444 1101 2505 im-

168 2535 1098 2618 maculateBeataVirgolllariahujussocietatisregina,etc.

209 2631 298 2692 Nunc
312 2629 352 2690 de
366 2629 506 2690 Ecclesia
520 2633 671 2708 tanquam
684 2630 796 2692 visibili
810 2651 822 2692 .·
842 2635 872 2693 1⁰
886 2631 1026 2693 Christus
1044 2649 1100 2692 vo·

166 2720 224 2782 luit
244 2724 390 2782 naturam
411 2725 551 2784 nostram
576 2741 634 2801 per
654 2723 790 2802 gratiam
816 2723 985 2784 sublimare
1003 2723 1048 2784 ita
1064 2728 1100 2784 ut

167 2815 280 2871 natura
306 2831 324 2871 a
351 2813 452 2891 gratia
475 2819 653 2876 remaneret
682 2815 841 2895 absorpta.
867 2818 963 2878 Porro
992 2819 1099 2878 nostra

165 2902 236 2965 talis
251 2905 298 2964 est
316 2906 351 2965 ut
368 2904 465 2965 talem
483 2905 655 2968 habeamus
670 2907 814 2970 habitum
832 2909 873 2970 ad
888 2908 1047 2970 sensibilia
1064 2912 1099 2970 ut

165 2995 374 3058 mediantibus
389 2996 563 3059 visibilibus
584 2998 751 3063 invisibilia
770 3000 976 3080 suscipiamus
998 3003 1030 3063 et
1042 3019 1098 3062 ex·

165 3088 348 3167 primamne.
376 3091 466 3152 Unde
497 3090 638 3153 Christus
669 3093 828 3155 bominem
856 3092 1094 3173 redempturus,

165 3199 237 3241 cum
252 3186 334 3244 esset
344 3183 507 3246 invisibilis
522 3183 554 3244 in
569 3184 643 3262 suis,
660 3185 791 3248 visibilis
806 3186 906 3248 iactus
922 3189 970 3248 'est
981 3186 1013 3246 in
1026 3205 1096 3248 nos·

98 3267 104 3288 '
164 3271 230 3334 tris.
249 3274 301 3335 Sic
312 3279 352 3337 ,et
367 3275 506 3338 condidit
529 3276 684 3338 visibilem
700 3278 783 3340 inter
801 3279 944 3340 homines
964 3279 1096 3342 sociata·

163 3368 228 3426 tem
243 3382 313 3444 quae
326 3367 367 3428 ad
381 3367 470 3429 illum
483 3368 672 3432 invisibilem
686 3371 826 3432 modium
840 3374 932 3448 esset,
949 3371 1038 3453 cujus
1048 3374 1096 3432 est

163 3475 279 3520 anima.
