2512 4012
182 320 239 378 2071
392 329 618 377 lnsrlrnrlonas
640 332 651 375 J
657 330 721 374 unis
745 295 898 376 [radoaldi.

182 477 234 556 qui
263 479 368 536 tamen
397 475 487 552 lapsu
520 473 669 551 temporis
700 473 730 532 in
766 475 884 533 veram*
900 476 931 534 et
954 472 1118 552 propriam

178 568 428 649 jurisdictionem
461 586 629 628 conversus
650 570 714 639 est;
740 567 840 626 donec
866 585 922 644 per
948 565 1119 626 concilium

182 661 435 722 Chalcedonense
454 660 673 720 controversiae
689 677 758 738 quar
778 659 850 718 inde
876 663 956 720 natae
978 658 1116 736 fuerant,

182 758 454 830 componerentur,
470 753 628 830 assignato
639 771 751 828 nempe
764 769 821 810 sua
831 751 897 811 sedi
910 752 1036 812 AEliensi
1052 756 1121 813 ter-

182 846 311 908 ritoriali
324 846 552 926 jurisdictione,
571 865 632 924 qua
651 847 828 905 remaneret
848 845 962 922 etipse
982 845 1122 922 patriar-

183 941 293 1000 chatus
319 932 535 998 Antiochenus'
561 938 763 1013 imminutus,
787 929 1032 1016 confirmatoque
1062 957 1121 1016 pa-

183 1031 342 1094 triarchali
356 1032 440 1109 quod
458 1031 515 1090 sibi
532 1031 544 1110 j
614 1031 752 1090 tribuere
765 1033 904 1107 coeperat
925 1029 1060 1090 nomine.

223 1124 333 1196 Quoad
342 1123 511 1183 secundam
530 1143 536 1183 :
552 1124 704 1183 translata
714 1122 899 1200 Byzantium
913 1123 1119 1200 imperatoria

182 1217 268 1292 sede,
292 1233 365 1274 mox
383 1219 546 1293 coeperunt
569 1216 659 1276 dictae
678 1215 811 1276 civitatis
830 1215 983 1293 episcopi,
1002 1235 1038 1276 ea
1055 1216 1119 1276 sibi

180 1311 252 1392 jura
264 1307 424 1369 vindicare
440 1327 509 1387 quae
525 1311 694 1369 allemano
706 1308 855 1368 Pontifice
872 1327 1016 1368 exercere
1028 1308 1121 1368 vide-

182 1405 260 1464 bant
278 1403 398 1482 (contra
424 1405 546 1462 sextum
566 1401 687 1462 concilii
708 1401 823 1462 Nioaoni
846 1421 1009 1478 canonem,
1026 1401 1120 1481 juxta

184 1515 278 1575 quem
295 1495 411 1570 solum,
429 1497 542 1571 praeter
563 1498 740 1555 Romanum
762 1495 959 1571 Pontificem,
984 1495 1120 1554 Alexan-

184 1589 260 1650 driae
278 1593 309 1649 et
321 1587 495 1649 Antiochiae
509 1587 646 1666 episcopi
661 1591 812 1666 tanquam
827 1587 1120 1666 patriarehaehabe—

184 1673 325 1760 bantur),
352 1681 439 1760 quasi
475 1680 650 1760 jurisdictio
677 1680 889 1742 ecclesiastica
923 1680 1117 1758 imperatorii

186 1773 285 1836 civilis
298 1773 529 1834 vicissitudines
542 1773 631 1853 sequi
646 1773 814 1835 debuisset.

225 1869 296 1929 Mox
319 1866 588 1944 patrocinantibus
613 1867 855 1944 imperatoribus
876 1866 1118 1945 faventibusque

187 1958 360 2020 canonibus
375 1957 577 2018 conciliorum
596 1959 927 2038 Constantinopolitani
943 1963 973 2020 et
988 1957 1119 2020 Chalce—

186 2048 343 2126 donensis,
361 2069 419 2110 nec
433 2069 496 2111 non
510 2051 633 2113 invecta
647 2052 887 2130 consuetudine,
899 2051 973 2132 jura
983 2051 1120 2130 patriar-

186 2144 287 2205 chalia
317 2163 461 2204 exercere
488 2163 551 2204 non
580 2144 773 2205 destiterunt.
801 2145 890 2216 Quod
920 2145 1046 2207 tandem
1075 2145 1119 2204 ab

186 2237 366 2296 Innocentio
384 2239 436 2313 Ill,
453 2236 483 2295 in
500 2237 631 2297 concilio
652 2239 854 2298 Lateranensi
871 2239 911 2300 lV
928 2238 1118 2299 notificatum

187 2333 243 2405 est,
260 2329 314 2390 tali
329 2329 411 2390 inter
425 2329 654 2408 patriarchatus
667 2330 873 2391 determinato
894 2331 1002 2391 ordine
1019 2352 1025 2391 :
1053 2333 1120 2390 Ro-

187 2441 310 2499 manus,
341 2422 712 2501 ConstantinopolitanuS,
743 2424 985 2501 Alexandriam,
1008 2423 1121 2484 Antio-

187 2515 317 2591 chenus,
333 2515 644 2592 Hierosolymitanus

227 2609 264 2668 Hi
284 2608 422 2687 quinque
444 2608 673 2685 patriarchatus
697 2609 769 2670 dicti
794 2613 866 2670 sunt
880 2609 1013 2688 majores.
1030 2611 1121 2670 Post-

187 2719 282 2779 quam
295 2705 400 2762 autem
416 2701 539 2761 illorum
553 2699 703 2762 dioeceses
714 2703 805 2763 factae
816 2705 887 2762 sunt
899 2701 1118 2778 schismaticae,

188 2792 290 2870 potius
305 2793 431 2852 nomine
451 2811 589 2871 quamne
605 2799 816 2871 perseverant,
832 2795 986 2874 siquidem
999 2815 1037 2855 ne
1051 2813 1122 2854 me—

187 2885 288 2945 moria
299 2885 441 2946 interiret
455 2885 567 2945 harum
579 2887 700 2947 sedium
708 2888 885 2964 illustrium,
897 2890 1003 2947 Romae
1012 2907 1121 2948 crean-

187 2983 239 3040 tur
253 2977 432 3058 hujusmodi
448 2977 634 3055 patriarchae
647 2980 813 3041 orientales
828 2981 867 3040 ad
882 2980 980 3040 instar
994 2981 1121 3042 illorum

188 3072 406 3151 episcoporum
417 3070 469 3149 qui
482 3070 628 3133 dicuntur
640 3074 670 3133 in
679 3073 828 3153 portibus,
839 3093 896 3134 nec
909 3074 973 3133 ulla
980 3075 1122 3151 gaudent

185 3164 413 3244 jurisdictione.
691 3185 722 3248 ‚t

230 3258 337 3317 Solum
363 3277 380 3317 e
407 3257 505 3318 ruinis
530 3259 654 3320 illorum
681 3265 823 3322 veterum
850 3260 1121 3340 patriarchatuum

189 3352 579 3429 emerseruntpatriarcha
590 3371 647 3430 pro
660 3353 791 3414 diversis
803 3354 961 3415 orientalis
972 3352 1120 3414 Ecclesiae

188 3441 298 3502 ritibus
310 3445 416 3520 creati,
425 3449 469 3521 ut,
480 3465 510 3506 v.
522 3464 566 3524 g.,
575 3446 1121 3526 patriarchaConstantinopolitanus

189 3533 418 3611 Melchitarum,
434 3537 613 3614 patriarcha
627 3538 839 3602 Antiochenus
865 3543 1038 3618 Syrorum,
1058 3543 1118 3606 etc.
