2512 4012
187 298 244 358 i82
395 307 623 354 INSTITUTIONES
644 305 727 351 cunis
750 304 903 350 GANONIGI.

187 454 269 514 viam
282 450 482 530 exceptionis,
498 450 524 510 si
538 449 618 527 forte
630 447 755 509 deficiat
768 446 818 506 vel
833 445 1002 507 excedatin
1012 445 1118 526 aliquo

186 545 392 624 suffraganei,
418 562 473 605 seu
494 542 642 605 ordinarii
672 539 844 601 immediati
870 540 1053 600 auctoritas,
1080 541 1117 600 lli

186 657 260 718 ergo
277 638 334 699 suh
350 637 410 698 hoc
424 639 566 714 respectu
587 653 651 694 non
666 634 784 693 hahent
804 632 996 692 ordinariam
1010 636 1118 710 potes-

186 735 295 809 tatem,
315 731 372 792 sed
387 731 487 791 solum
499 726 791 802 extraordinariam,
806 725 1038 802 subsidiariam,
1054 745 1119 786 me-

187 824 316 885 dietam

226 915 342 978 Sedulo
362 914 501 976 notanda
519 916 566 974 est
584 913 652 972 haee
670 911 834 972 diversitas
854 911 1061 989 acceptionis,
1084 917 1117 973 ut

186 1009 276 1070 facile
302 1007 506 1069 concilientur
533 1004 753 1068 coutroversiae
781 1004 893 1082 quibus
917 1005 1115 1065 occasionem

185 1101 328 1180 praebuit.

222 1198 254 1253 4⁰
264 1191 394 1252 Ratione
407 1191 514 1270 objecti
524 1190 608 1250 circa
618 1190 703 1268 quod
713 1192 865 1250 versatur.
880 1191 986 1250 Potest
996 1189 1116 1249 versari

183 1284 233 1346 vel
248 1283 503 1345 eireahominum
517 1282 665 1357 aetianae,
682 1282 732 1343 vel
750 1282 833 1342 circa
845 1300 951 1341 rerum
966 1280 1118 1345 adminis-

183 1376 361 1440 trationem.
383 1379 457 1436 Haec
473 1375 583 1436 ultima
587 1373 763 1456 jurisdictio
777 1379 909 1436 vocatur
924 1376 1097 1435 oeconmnicc
1107 1395 1120 1450 ,·

183 1469 234 1530 ille
249 1469 303 1550 qui
321 1468 407 1529 illam
421 1467 512 1546 gerit,
530 1487 686 1542 oeconomos
699 1486 710 1528 .·
723 1467 893 1547 improprie
913 1470 1036 1530 tantum
1057 1468 1120 1529 hoc

181 1561 407 1642 jurisdictionis
420 1560 510 1622 titulo
524 1560 701 1622 decoratur.

224 1655 355 1734 Propria
365 1654 418 1714 illa
428 1657 475 1714 est
481 1653 657 1735 jurisdictio
666 1672 739 1733 ⁴quae
751 1671 876 1714 morum
891 1654 1006 1715 rectrix
1016 1654 1121 1716 existit

182 1747 447 1826 moderatrixque.
466 1750 541 1807 Haec
554 1750 670 1823 autem,
688 1765 744 1825 pro
766 1746 852 1806 vario
874 1746 1013 1808 themate
1035 1747 1121 1808 circa

185 1841 270 1921 quod
284 1839 441 1901 moderari
457 1839 551 1900 dehet
576 1843 664 1900 actus
679 1839 932 1916 christianorum,
947 1840 997 1900 vel
1011 1859 1121 1902 versa-

184 1937 236 1995 tur
250 1933 333 1993 circa
347 1931 420 1992 fidei
434 1931 660 2010 magisterium,
674 1933 724 1994 vel
739 1932 822 1992 circa
833 1932 1008 1994 custodiam
1021 1933 1120 1994 eccle-

120 2057 124 2063 ·
185 2024 317 2086 siasticce
333 2023 513 2102 disciplinae.
529 2027 668 2103 Utroque
683 2023 715 2084 in
738 2043 824 2102 casu,
846 2043 902 2103 pro
918 2025 1013 2085 variis
1029 2025 1118 2086 lune-

185 2117 322 2180 tionihus
354 2135 409 2177 seu
444 2116 600 2178 attributis
622 2119 784 2194 potestatis
808 2118 1042 2197 gubernativae,
1068 2119 1120 2178 vel

186 2210 272 2289 leges
286 2210 371 2285 dicit,
386 2210 436 2271 vel
450 2209 519 2271 lites
531 2208 648 2287 definit,
671 2210 720 2272 vel
742 2211 857 2272 delicta
875 2215 1008 2272 coercet.
1028 2211 1120 2272 Unde

184 2301 304 2363 trifarie
323 2301 481 2379 dividitur,
505 2321 618 2381 nempe
639 2303 671 2362 in
691 2303 911 2382 legislativam,
933 2303 1119 2383 judicialem

186 2394 695 2476 etcoercitivamjurisdictionem.

224 2491 276 2552 Vl.
300 2491 439 2568 Utraque
459 2492 564 2550 autem
579 2489 647 2549 haec
663 2492 802 2566 potestas
817 2487 946 2567 (ordinis
960 2505 1073 2566 nempe
1088 2493 1121 2549 et

184 2581 430 2660 iurisdictionis),
447 2581 521 2644 licet
535 2582 608 2642 insit
621 2581 781 2642 clericatui
796 2581 967 2641 universim
979 2584 1117 2659 sumpto,

185 2684 291 2736 tamen
318 2693 381 2736 non
406 2673 555 2752 compet't
581 2678 714 2752 utraque
747 2673 878 2752 singulis
906 2673 1038 2750 clericis,
1059 2691 1119 2733 nec

186 2767 297 2827 eadem
315 2783 463 2826 mensura
473 2767 647 2846 eademque
657 2766 869 2846 proportione.
883 2770 1023 2846 Namque
1037 2767 1129 2827 inter·

185 2859 288 2938 ipsum
296 2859 475 2937 generalem
483 2861 599 2920 statum
610 2859 786 2920 clericalem
795 2859 1029 2939 distinguuntur
1040 2858 1117 2920 varii

185 2951 359 3032 peculiares
380 2955 479 3013 status
501 2951 696 3030 singulorum
722 2945 908 3013 clericorum
933 2972 989 3031 pro
1015 2942 1116 3032 gradu

186 3064 298 3125 nempe
314 3064 375 3126 quo
395 3045 433 3104 de
458 3045 607 3106 alterutra
628 3048 781 3123 potestate
805 3045 1004 3124 participant.
1026 3045 1116 3106 Unde

186 3140 302 3218 duplex
318 3137 440 3217 exurgit
454 3137 640 3214 hierarchia,
661 3157 793 3217 querum
804 3135 903 3200 altera
912 3138 1023 3198 ordinis
1039 3137 1116 3198 dici-

186 3235 254 3307 tur,
281 3233 379 3294 altera
395 3231 623 3311 jurisdictionis,
650 3232 688 3292 de
714 3231 826 3312 quihus
841 3231 1011 3310 separatim
1033 3231 1114 3293 dice·

186 3341 267 3384 mus.
740 3359 741 3364 κ
