2512 4012
399 261 438 307 ou
460 259 589 308 caruero
608 260 695 307 rouo
719 258 875 310 oauouror.
1045 249 1103 320 22⁸1

166 407 278 483 specta
292 403 374 484 juris
386 404 550 484 analogia,
568 404 753 484 episcopalis
772 403 994 473 devolveretur
1009 404 1105 484 juris·

166 498 263 559 dictio
284 517 380 576 supra
401 517 565 560 romanam
580 499 759 575 dioecesim,
783 497 851 559 aliis
874 497 1004 560 distrahi
1018 497 1104 574 baud

165 591 280 652 deceat
294 590 443 669 negotiis,
461 595 496 653 ut
514 585 628 669 nempe
649 595 751 653 totum
766 591 928 652 incumbat
942 610 1024 654 novo
1048 592 1104 655 eli·

164 675 272 762 geddo
294 684 455 760 Pontifici,
478 685 665 746 factumest
687 684 771 764 quod
790 683 967 764 jurisdictio
993 685 1102 752 vicarii

163 777 463 856 Urbisprorogetur‚
477 777 572 840 etium
584 776 658 838 sede
674 793 806 838 romana
819 779 952 838 vacante
968 797 974 838 :
991 778 1098 858 sicque

162 868 302 932 vicarius
316 870 401 932 vices
423 870 656 950 quodammodo
675 869 757 948 gerit
777 868 884 936 vicarii
899 869 1098 950 capitularis,

163 980 331 1043 quousque
345 981 444 1025 novus
459 961 602 1027 Pontifex
614 962 758 1042 eligatur„

367 1111 379 1163 ς
392 1111 419 1152 11.
436 1111 464 1149 be
474 1111 559 1150 vicarlis
572 1110 735 1160 partlcrdsrlbus
746 1109 898 1158 episcoporum.

204 1231 314 1290 XXXI.
335 1231 413 1290 [lum
433 1230 503 1293 linis
521 1229 553 1291 in
572 1249 666 1310 quem
689 1230 809 1306 directa¹
827 1233 874 1306 est
888 1229 1098 1302 ecclesiastica

157 1320 339 1400 jurisdictio
360 1323 400 1384 sit
420 1323 490 1385 finis
505 1324 633 1386 ultimus
651 1322 814 1384 homiuum
827 1323 838 1399 ‚'
852 1326 970 1396 aeterua
983 1342 1096 1404 nempe

159 1414 337 1493 beatitudo,
357 1415 409 1495 qui
425 1416 495 1476 finis
510 1417 606 1495 ipsius
616 1415 761 1496 proprius
774 1419 820 1477 est
829 1415 987 1477 societatis
999 1417 1096 1479 eccle·
1118 1471 1120 1476 Α

160 1507 313 1584 siasdoae,
336 1511 371 1568 ut
388 1508 483 1568 etiem
499 1509 693 1588 singulorum
714 1509 753 1568 de
775 1508 843 1586 ipsa
857 1506 1005 1569 societate
1023 1527 1103 1587 pro-1

159 1599 248 1678 prius
263 1599 430 1678 habeatur,
451 1602 524 1662 inde
540 1602 681 1682 estquod
697 1599 907 1661 ecclesiastica
918 1599 1093 1681 jurisdictio

160 1693 208 1772 (ut
229 1693 298 1773 jam
315 1693 506 1774 dictumest)
527 1697 595 1756 tum
609 1695 649 1757 de
665 1693 807 1774 politice,
831 1696 898 1756 tum
919 1693 958 1754 de
966 1701 1095 1774 poterae

156 1787 326 1865 participat
338 1788 534 1850 auctoritate.

198 1882 243 1941 De
261 1880 318 1940 ,illa
332 1899 445 1960 nempe
465 1881 496 1941 iu
512 1883 665 1961 quantum
678 1880 804 1960 publico
821 1879 971 1958 imperio,
989 1881 1092 1954 exter-

156 1991 231 2034 nam
251 1972 347 2036 totius
362 1973 518 2040 societatis
538 1974 743 2038 oeconomiam
763 1974 930 2053 gubernat,
955 1991 1010 2034 seu
1025 1991 1091 2034 res-

155 2066 232 2144 picit
246 2065 340 2145 hujus
355 2055 585 2128 assecutionem
597 2068 629 2127 in
642 2085 819 2130 commuue.
836 2069 881 2128 De
895 2067 955 2127 ista
967 2084 1041 2126 vero
1058 2065 1090 2127 in

154 2161 308 2238 quantum
323 2163 454 2236 paterna
463 2160 671 2222 sollieitudine
685 2164 716 2222 et
729 2153 880 2220 charitate
893 2158 1089 2238 singulorum

152 2255 303 2329 procurat
326 2251 567 2315 christianorum
588 2253 739 2330 salutem,
768 2271 824 2314 seu
847 2251 973 2331 respicit
994 2251 1088 2332 hujus

152 2343 224 2406 finis
238 2345 468 2410 assecutionem
482 2346 514 2406 iu
528 2346 701 2408 individuo.

193 2437 285 2498 Unde
303 2438 442 2503 Ecclesia
457 2440 515 2500 sub
535 2439 651 2518 duplici
668 2440 812 2517 respectu
828 2440 930 2516 potest
944 2437 1087 2502 conside*

153 2530 237 2592 rari:
255 2533 286 2592 1ο
308 2533 459 2610 tanquam
480 2532 643 2612 respublica
663 2549 733 2611 quce
757 2530 815 2590 sub
843 2529 996 2608 episcopis
1022 2531 1086 2594 suis

154 2626 307 2702 tanquam
320 2623 512 2702 principibus
526 2625 660 2703 regitur3
676 2627 708 2684 2⁰
722 2626 873 2703 tauquam
882 2621 1001 2701 (emilie
1014 2641 1085 2700 quae

154 2715 194 2777 ab
205 2715 324 2776 eisdem
334 2720 485 2795 tanquam
497 2717 638 2796 patribus
647 2717 855 2796 gubernatum
871 2733 937 2790 seu,
947 2713 979 2774 in
991 2733 1084 2776 sensu

153 2809 336 2886 composito,
354 2809 545 2870 considerari
559 2813 661 2889 potest
674 2814 825 2890 tunquam
839 2827 916 2888 grex
937 2806 1026 2889 cujus
1043 2809 1084 2882 ad

151 2905 310 2980 pastorem
323 2906 444 2981 spectat
456 2903 642 2965 sollicitudo.
661 2905 741 2964 Dum
757 2903 841 2964 enim
853 2903 1038 2980 ovespascit
1050 2901 1082 2962 iu

152 2994 322 3072 communi,
338 2995 534 3074 singularum
546 2997 909 3074 ouramhaud'respuere
924 2999 1078 3064 censetur.
1119 3053 1120 3058 ,

191 3089 266 3154 Haeo
277 3105 371 3166 porro
383 3087 498 3167 duplex
508 3089 740 3166 repraeseutatio
749 3087 974 3167 jurisdictionis
985 3088 1081 3158 eecle-

151 3179 284 3242 siastieee
300 3199 389 3260 quae‚
412 3199 469 3259 pro
485 3184 597 3242 natura
610 3180 771 3259 potestatis
786 3197 899 3254 saerae,
920 3179 1081 3259 insepara-

150 3273 222 3336 bilis
236 3273 371 3340 hebetur
381 3273 413 3335 in
427 3274 465 3335 iis
484 3293 562 3354 quos
578 3272 711 3352 Spiritus
723 3276 863 3336 'Sanctus
878 3273 981 3350 posuit
1000 3273 1080 3352 epis·

151 3383 246 3444 oopos
268 3385 380 3445 regere
401 3367 572 3432 Ecclesiam
591 3365 657 3440 Ilei,
684 3365 751 3426 visa
774 3367 821 3424 est
845 3365 1079 3443 quodammodo,

153 3458 292 3538 separari
316 3477 406 3538 posse
430 3459 462 3520 iu
481 3456 721 3538 particularibus
748 3475 857 3520 eorum
877 3457 1016 3534 viceriiS,
1043 3461 1079 3519 ut
