2484 4016
360 274 399 320 na
420 273 548 322 caruero
568 273 651 322 runis
675 275 831 324 canorum.
1004 262 1058 322 tol

135 433 198 478 non
223 419 301 478 essct
335 417 394 478 nisi
422 419 567 501 quaedam
593 418 833 497 commendatio,
857 421 963 482 tamen
991 437 1063 482 cum

135 510 267 590 episcopi
282 511 483 590 gratitudinis
504 513 587 574 soliti
610 516 700 575 erant
713 513 852 591 patronis
868 531 990 575 morem
1008 531 1064 593 ga·

133 621 212 682 rerc,
233 604 435 684 ipsorumque
470 605 637 680 admittere
672 605 976 668 commendationem
1004 606 1062 668 uisi

134 697 249 778 aliquid
264 697 414 776 obstaret,
431 698 522 759 facile
538 698 637 762 evasit
647 702 683 760 ut
694 698 970 777 lraeopraeseutatio
984 698 1062 761 tanti

132 790 277 869 ponderis
292 791 463 854 haberetur
476 795 511 854 ut
525 811 588 854 non
602 793 711 854 liceret
725 791 872 870 episcopo
890 810 961 853 eam
974 811 1062 854 rccu-

132 903 215 958 sare;
228 885 284 945 sed
295 883 424 946 deberet
438 885 470 944 in
484 885 581 946 sacris
597 885 707 947 officiis
722 883 883 946 instituere
895 903 1062 963 personam

131 980 292 1056 apatrono
305 981 538 1056 presentatum,
556 978 615 1039 nisi
626 996 664 1039 ea
678 978 812 1056 incapax
830 977 1063 1040 demonstrare·

130 1073 189 1132 tur.

168 1167 220 1227 IX.
244 1163 298 1225 His
317 1163 489 1227 honoribus
503 1183 560 1244 pro
575 1165 657 1226 laica
673 1165 851 1228 conditione
872 1165 1063 1245 prestantis-

130 1257 226 1336 simis,
243 1258 312 1318 baec
333 1263 533 1320 accesserunt
548 1258 714 1321 commoda
728 1259 840 1339 quibus
853 1259 948 1320 etiam
962 1259 1063 1321 eccle-

128 1351 245 1412 siarum
267 1351 449 1412 fundatores
483 1353 676 1414 cohonestati
710 1355 793 1414 sunt.
824 1355 898 1412 llaec
923 1351 964 1412 ad
998 1353 1061 1414 duo
1128 1355 1131 1361 '

127 1444 324 1506 reducuntur
338 1444 457 1523 capita:
475 1447 505 1506 l⁰
519 1446 560 1506 ad
574 1445 626 1526 jus
644 1445 825 1524 imponendi
841 1462 952 1506 census
966 1463 1062 1523 pecu-

126 1538 243 1600 niarios
254 1539 294 1600 ab
311 1537 443 1598 ecclesia
454 1539 649 1617 praestandos
662 1539 726 1598 sive
742 1537 899 1600 fundatori
914 1537 983 1616 ipsi,
996 1537 1061 1598 sive

126 1631 195 1694 aliis
220 1633 260 1693 ab
280 1649 317 1692 eo
338 1631 505 1693 nominatis
531 1631 564 1692 in
587 1632 701 1693 tabulis
719 1630 926 1705 fundationis;
956 1634 990 1692 2⁰
1010 1629 1062 1711 jus

125 1723 299 1803 recipiendi
315 1724 463 1785 alimenta
476 1725 515 1784 de
532 1723 623 1785 bonis
639 1723 778 1784 ecclesiae
798 1723 932 1802 propriae
951 1722 1062 1784 funda-

124 1819 230 1925 tionis,
256 1816 444 1897 siquidem
436 1836 502 1896 ipse
527 1817 675 1880 fundator
698 1820 753 1878 aut
766 1834 846 1878 uxor
868 1823 923 1878 aut
949 1816 1003 1878 filii
1021 1817 1062 1878 ad

124 1911 266 1990 inopiam
278 1913 455 1989 vergerent.

165 2004 221 2064 llis
236 2002 453 2064 honoribuset
440 2003 639 2064 teommodis
654 2022 756 2082 pauca
777 2021 874 2065 onere
892 1955 1061 2082 responde-

123 2098 222 2158 bant:
236 2099 267 2156 l⁰
278 2115 357 2158 onus
367 2096 537 2176 vigilantiae
549 2095 952 2175 superadministrationem
962 2096 1061 2159 bono-

123 2210 196 2252 rum
221 2189 362 2251 ecclesia
382 2208 401 2248 a
423 2207 456 2250 so
472 2189 622 2266 fundatae,
640 2208 753 2268 nempe
778 2193 813 2252 ut
833 2189 1061 2253 administratio

122 2286 216 2346 fleret
224 2282 315 2364 juxta
326 2283 412 2362 leges
427 2281 633 2356 fundationis;
652 2301 714 2362 quo
728 2283 800 2362 jure
814 2283 944 2345 deberet
957 2286 1060 2362 patro·

122 2397 182 2440 nus
198 2376 345 2456 episcopo
358 2376 487 2452 referre,
504 2375 528 2436 si
540 2375 660 2455 aliquid
675 2393 737 2436 non
753 2378 836 2437 recte
848 2375 1060 2438 administrari

122 2469 340 2550 cognovisset3
360 2473 390 2529 2⁰
406 2487 485 2530 onus
501 2467 689 2529 defendendi
702 2467 868 2530 ecclesiam
882 2469 922 2530 ab
934 2487 1060 2548 oppres·

107 2566 213 2627 ,sione
248 2563 444 2642 potentium;
474 2563 506 2623 3⁰
531 2579 610 2622 onus
634 2561 813 2641 reparandi,
849 2561 1057 2638 restaurandi,

122 2655 337 2720 reaedificandi
365 2654 540 2732 ecclesiam,
566 2653 722 2734 siquidem
748 2656 904 2716 vetustate
920 2656 976 2715 aut
998 2653 1060 2716 alia

121 2753 163 2813 de
180 2761 278 2810 causa
292 2748 510 2809 collaberetur.
992 2813 994 2818 ,

162 2843 212 2905 nx
232 2841 319 2903 hisce
337 2840 481 2902 omnibus
500 2840 682 2919 honoribua
710 2841 894 2919 commodis,
912 2840 1060 2903 oneribus

122 2933 243 3000 coaluit
255 2934 415 3015 quoddam
423 2933 476 3014 jus
487 2933 656 3012 positivum
670 2935 709 2995 ab
723 2935 864 2996 Ecclesia
877 2951 1057 3012 repensum,

121 3028 221 3093 veluti
240 3047 305 3107 prae
315 3027 505 3107 gratitudine
522 3026 742 3090 fundatoribus
752 3028 868 3090 aedium
883 3045 1056 3105 sacrarum,

123 3122 212 3206 quod
224 3121 276 3203 jus
286 3124 470 3200 patronatus
480 3121 597 3183 dictum
612 3125 668 3184 est.

167 3215 231 3278 Sed
246 3215 306 3278 hoc
314 3215 379 3295 jus,
388 3214 483 3294 quod,
495 3213 616 3294 origine
629 3233 686 3276 sua
696 3214 846 3293 inspecta,
861 3215 928 3275 erat
933 3213 986 3293 jus
998 3213 1059 3275 sin-

123 3307 235 3391 gulare
255 3307 430 3369 institutum
445 3325 501 3386 pro
519 3307 738 3370 fundatoribus
754 3308 869 3368 aedium
883 3325 1055 3384 sacrarum,

123 3401 242 3466 sensim
266 3401 307 3462 ad
326 3400 403 3461 alios
428 3400 522 3462 etiam
546 3400 733 3478 perductum
752 3404 800 3463 est
822 3422 829 3462 :
853 3418 966 3480 nempe
977 3399 1057 3480 juris

124 3494 273 3575 analogia
286 3494 391 3555 effecit
404 3499 439 3554 ut
458 3492 518 3554 hoc
529 3492 581 3574 jus
599 3496 780 3574 competens
794 3493 952 3557 fundatori
963 3491 994 3553 iu
1007 3511 1059 3554 or-
