2484 4016
188 351 247 412 318
398 361 629 413 msrrwssonas
648 363 732 409 JURIS
753 361 907 408 carorum.

190 527 260 590 quae
271 507 428 585 videlicet,
442 506 475 567 id
488 507 684 586 potissimum
698 503 913 582 intendebant,
926 508 961 567 ut
971 503 1122 566 benedic-

188 603 287 665 tinam
300 601 453 680 regulam,
469 601 509 661 ad
524 618 616 662 suum
629 605 815 662 revocarent
835 599 1023 677 spiritumet
1039 603 1122 659 tem-

188 713 300 778 porum
324 686 563 756 circumstantiis
584 693 867 755 accommodarent.
884 695 999 754 Forma
1013 695 1122 753 autem

188 786 308 850 stabilis
321 806 390 868 quae
402 788 524 866 integra
535 788 660 866 mansit,
671 789 766 867 atque
779 785 900 846 influxit
906 786 939 845 in
952 803 1061 846 omnes
1072 784 1123 845 in-

187 881 363 943 stitutiones
377 881 566 942 monasticas
586 880 679 961 hujus
691 878 853 958 temporis,
866 879 925 940 luit
936 879 1046 957 regula
1065 879 1120 940 be-

189 975 365 1048 nedictina3
394 974 528 1053 ideoque
552 991 660 1035 omnes
686 974 755 1053 plus
780 973 884 1035 minus
907 974 1038 1051 possunt
1061 971 1122 1033 sub

190 1068 311 1147 epocha
322 1067 524 1128 benedictina
536 1066 695 1128 confundi.

229 1161 281 1222 lX.
306 1159 389 1222 Satis
405 1159 443 1220 de
464 1159 606 1222 historia.
622 1159 711 1233 Quod
727 1163 848 1240 spectat
862 1159 902 1220 ad
913 1166 1023 1219 statum
1034 1158 1123 1219 dabri-

186 1253 279 1333 plr'ooe
290 1252 445 1332 regularis
459 1252 553 1333 hujus
566 1253 686 1331 periodi
701 1273 708 1314 :

229 1349 260 1406 1ο
274 1347 358 1408 Intra
373 1345 508 1424 plurima
524 1346 726 1422 monasteria,
738 1349 897 1425 receptam
911 1346 1057 1408 videmus
1068 1366 1121 1408 re-

187 1439 295 1519 gulam
310 1457 519 1500 communem.
541 1439 673 1501 Periodo
698 1439 905 1516 antecedenti,
921 1439 995 1501 licet
1008 1440 1121 1520 regula

188 1533 294 1594 Basilii
321 1532 514 1622 fueritnplus
542 1531 646 1595 minus
681 1539 808 1612 recepta
833 1533 918 1613 apud
945 1534 1122 1596 monachos

189 1625 370 1704 orientales,
397 1629 504 1687 tamen
518 1625 710 1688 monasteria
731 1621 775 1687 sic
800 1622 1061 1703 erant'fundata,
1084 1632 1122 1691 ut

187 1719 298 1798 regule
320 1722 402 1780 esset
415 1719 447 1779 in
460 1737 555 1779 manu
568 1719 749 1798 superioria,
766 1718 854 1800 cujus
872 1722 940 1781 erat
958 1739 1055 1783 unam
1069 1740 1122 1782 re-

186 1811 295 1890 gulam
309 1812 408 1891 sequi,
426 1812 520 1872 aliam
533 1830 693 1891 respuere,
710 1828 806 1873 unam
820 1813 871 1872 vel
883 1812 976 1872 aliem
991 1813 1120 1875 diverso

186 1904 281 1966 modo
296 1905 489 1966 modificare.
512 1905 608 1966 Multo
628 1905 732 1966 minus
747 1923 821 1966 vero
836 1905 949 1984 singuli
969 1905 1119 1966 monachi

186 1996 240 2056 uni
256 1996 477 2076 obligabantur
497 1997 632 2077 regulae,
655 1997 711 2058 sed
724 1997 761 2058 iis
775 1997 895 2059 licitum
916 2001 985 2059 erat
998 1997 1037 2058 de
1053 2017 1119 2062 uno

184 2089 217 2150 in
230 2089 326 2150 alium
340 2089 575 2168 monasterium,
588 2109 644 2169 pro
660 2108 717 2152 sua
730 2090 1010 2170 libertatevegare,
1027 2095 1059 2154 et
1073 2091 1119 2153 ibi
1233 2160 1234 2185 χ

184 2199 307 2244 moram
320 2184 428 2262 figere,
441 2183 466 2244 si
477 2183 530 2246 fini
545 2183 714 2246 obtinendo
727 2182 881 2263 majorem
889 2189 1120 2263 cognoscerent

184 2274 361 2338 utilitatem.
387 2276 476 2338 Unde
501 2295 560 2338 nec
579 2276 689 2338 aderat
715 2277 778 2338 fixa
803 2280 835 2338 et
858 2275 977 2341 stabilis
1004 2277 1119 2354 regula
1223 2309 1232 2320 ν

184 2368 270 2447 apud
279 2367 402 2430 diversa
414 2370 605 2432 monasteria
619 2363 764 2448 recepta,
785 2388 843 2431 nec
854 2371 917 2431 fixa
931 2368 1118 2450 stabilisque
1230 2409 1231 2414 κ

183 2462 526 2525 moramonacborum.
776 2467 780 2474 '

222 2557 264 2617 At
275 2556 386 2635 regula
396 2556 596 2618 benedictina
610 2557 721 2618 eadem
737 2556 776 2617 ab
793 2554 937 2618 omnibus
956 2560 1118 2618 monaste-

182 2647 237 2710 riis
252 2648 496 2712 occidentalibus
521 2649 648 2728 recepta
674 2652 731 2710 est.
754 2650 929 2728 Eapropter
949 2648 1117 2710 uniformis

183 2741 309 2802 omnino
325 2760 391 2802 esse
407 2741 502 2820 coepit
513 2741 578 2802 vita
599 2741 789 2815 monastica3
807 2742 953 2821 quaedam
972 2759 1029 2820 pro
1049 2761 1117 2803 om·

182 2833 274 2894 nibus
287 2833 429 2896 instituta
441 2833 606 2913 tyrocinia,
616 2833 657 2894 ad
670 2834 731 2895 hoc
745 2838 780 2895 ut
793 2834 826 2894 in
841 2831 984 2895 ordinem
1000 2833 1119 2897 admit-

181 2931 337 3000 terentur;
355 2927 501 3006 quaedam
516 2927 724 2988 determinata
739 2927 904 3006 professio,
923 2945 985 3007 qua
1001 2926 1120 3006 singuli

180 3021 298 3100 regulae
309 3039 342 3080 se
353 3019 550 3099 obligabant3
564 3019 709 3100 quaedam
721 3020 1040 3098 vestisdeterminata,
1051 3040 1119 3101 qua

90 3151 93 3156 -
180 3113 326 3175 monachi
347 3113 387 3184 ab
407 3113 474 3174 aliis
491 3113 773 3193 distinguerentur3
788 3113 934 3193 quaedam
948 3112 1118 3176 uniformis

180 3206 341 3285 dispositio
364 3205 579 3286 independens
600 3207 791 3268 avoluntate
807 3206 976 3285 superioris
990 3207 1114 3286 localis,

180 3318 243 3380 qua
257 3299 474 3379 equanimiter
488 3299 594 3361 omnia
604 3300 780 3363 Occidentis
791 3301 983 3362 monasteria
996 3300 1118 3379 gober-

179 3391 345 3452 nabantur.

218 3487 250 3542 2⁰
272 3485 340 3544 Non
354 3486 475 3545 tantum
496 3488 607 3564 regula
627 3487 801 3551 communis
813 3487 896 3549 intra
909 3488 1034 3550 diversa
1046 3507 1115 3549 mo-

178 3573 324 3646 nasteria,
337 3575 498 3635 sedetiam
509 3578 651 3656 regimen
663 3598 840 3644 commune.
851 3583 929 3643 Nam
940 3581 1114 3663 lieetjuxta
