2514 4014
742 110 757 165 Ι

105 291 107 297 ’
166 293 205 356 38
377 301 607 384 tusnrurrouus
627 301 709 352 rmus
731 303 884 352 cruorum.

206 449 281 510 lnde
303 451 350 508 est
373 448 457 527 quod
480 447 529 526 jus
551 452 692 510 nostrum
715 452 865 528 agnoscat
887 447 1097 509 differentiam

166 541 296 621 subjecti
320 541 404 620 quod
428 541 540 601 eodem
563 545 704 620 tempore
723 541 775 621 jus
795 541 870 602 dicit
890 541 922 600 in
943 541 1093 602 Ecclesia.

166 635 273 712 ltaque
300 633 501 712 distinguitur
518 633 569 713 jus
595 635 677 694 ldocl.
704 634 736 693 in
760 632 875 694 decreto
901 633 1095 712 singulorum

165 729 326 804 pastorum
345 726 394 786 vel
418 725 450 784 in
472 745 591 786 concites
606 725 828 787 conciliorum:
856 726 909 787 illa
929 745 947 786 a
965 725 1096 804 singulis
1149 747 1153 756 ·

165 818 342 898 pastoribus
370 819 523 894 feruntur,
547 819 579 878 hi
605 837 679 880 vcro
707 818 847 879 unanimi
872 818 1095 880 deliberatione

166 911 286 972 collatis
301 910 466 972 consiliisa
481 911 618 990 collegiis
631 914 794 990 pastorum
806 912 993 972 conduntur.

206 1006 371 1065 Pastorum
386 1007 490 1064 autem
506 1007 571 1064 tam
591 1003 785 1082 singulorum
804 1023 899 1082 quam
918 1003 1096 1082 collegiato-

166 1115 236 1157 rum
247 1097 351 1174 plures
366 1097 483 1174 gradus
496 1100 578 1157 sunt.
596 1098 675 1156 Nam
687 1097 777 1157 adest
785 1104 890 1176 postor
909 1096 1098 1156 oeeomecicos

166 1207 221 1249 seu
235 1191 523 1267 pastorpastorum‚
539 1188 591 1268 qui
605 1191 763 1248 Romanus
776 1189 918 1250 Pontifex
932 1191 992 1262 est;
1007 1190 1098 1250 adest

167 1280 278 1360 legatos
292 1281 464 1360 apostolicos
479 1281 532 1360 qui
549 1281 712 1359 speciatim
724 1285 899 1342 Romanum
913 1281 1097 1342 Pontificem

167 1377 394 1453 repraescntans
407 1373 439 1432 in
453 1391 510 1432 sua
524 1374 697 1450 provincia,
715 1374 904 1453 pastoralem
920 1374 951 1433 in
968 1393 1005 1434 ea
1017 1377 1098 1434 Pon-

167 1465 258 1526 tificis
285 1467 410 1527 nomine
436 1470 561 1527 exercet
583 1467 813 1528 auctoritatem.
835 1467 957 1527 Adsunt
983 1466 1097 1547 singuli

167 1563 308 1638 pastores
323 1579 377 1620 seu
392 1559 520 1639 episcopi
532 1559 663 1638 singulis
678 1559 817 1620 ecclesiis
831 1559 1002 1639 praepositi.

206 1653 341 1714 Proinde
356 1672 394 1712 ex
404 1653 463 1714 huc
475 1656 565 1731 parte
577 1653 703 1714 decreta
715 1656 878 1731 pastorum
892 1657 1021 1730 possunt
1036 1653 1097 1714 dis-

167 1744 287 1823 tingui:

207 1841 238 1896 l⁰
259 1838 293 1896 ln
319 1837 554 1900 constitutiones
578 1837 775 1917 apostolicas
806 1856 861 1898 seu
884 1840 1097 1898 Romanorum

167 1928 368 2001 Pontificum

205 2025 237 2081 2⁰
258 2023 293 2082 ln
306 2024 422 2082 statuta
435 2021 611 2101 legatorum
623 2021 880 2100 apostolicorum;

205 2115 238 2184 3?
258 2115 293 2173 ln
321 2114 447 2175 decreta
475 2114 670 2193 singulorum
698 2115 917 2194 episcoporum
944 2115 1096 2177 dioecesa-

166 2224 289 2269 norum.

205 2299 251 2359 Ex
277 2299 376 2360 altera
396 2304 497 2377 parte,
526 2318 638 2378 nempe
662 2300 876 2380 collegiorum,
904 2300 999 2362 iidem
1023 2306 1096 2363 sunt

136 2397 138 2400 ’
166 2391 282 2471 gradus
295 2391 498 2452 auctoritatis.
511 2392 609 2452 Adest
623 2392 706 2452 enim
724 2414 731 2454 :

206 2486 236 2546 1⁰
257 2483 429 2563 Collegium
448 2485 686 2562 oecumenicum,
703 2503 758 2546 seu
773 2486 938 2547 concilium
947 2487 1094 2566 generale

166 2575 305 2637 omnium
331 2576 477 2638 Ecclesiae
496 2580 657 2655 pastorum
688 2597 759 2639 oum
781 2581 920 2640 Romano
945 2580 1093 2640 Pontifice

165 2669 421 2749 conjunctorum

204 2765 238 2821 2⁰
260 2760 432 2839 Collegium
459 2762 661 2840 provinciale,
685 2783 739 2824 seu
762 2765 927 2826 concilium
953 2765 1093 2826 omnium

94 2861 97 2865 '
165 2858 326 2932 pastorum
345 2854 513 2931 provinciae
533 2855 574 2914 ab
594 2855 734 2935 ejusdem
753 2858 921 2934 provinciae
936 2862 1092 2936 metropo-

163 2945 260 3007 litano
276 2950 553 3025 congregatorum

203 3043 234 3101 3⁰
256 3039 428 3118 Collegium
452 3039 591 3099 omnium
611 3038 735 3099 illorum
761 3043 958 3102 sacerdotum
984 3043 1035 3121 qui
1061 3043 1091 3102 in

165 3129 291 3192 dioecesi
311 3131 368 3191 suh
388 3130 534 3210 episcopo
561 3149 668 3190 curam
693 3133 869 3194 animarum
884 3136 1010 3212 habent,
1036 3156 1091 3196 seu

165 3223 331 3300 collegium
344 3229 506 3302 pastorum
517 3222 777 3286 dioecesanorum.

203 3313 292 3376 Unde
321 3334 359 3374 ex
382 3316 481 3377 altera
502 3318 590 3392 parte
610 3314 662 3394 jus
691 3317 876 3378 canonicum
904 3322 1006 3398 potest
1031 3321 1092 3380 dis·

163 3405 291 3486 tingui:

204 3503 237 3570 1⁰
257 3500 293 3560 In
308 3497 433 3560 decreta
441 3499 650 3586 conciliorum
665 3501 946 3580 oecumenicorum
