2512 4012
400 257 440 300 ou
462 256 590 304 caruero
611 259 694 306 cums
720 259 875 306 canorum.
1048 249 1103 309 195

166 399 439 478 consequendum.
465 401 559 480 Atqui
584 402 625 463 ἃᾶ
649 404 744 463 finem
764 404 1020 482 consequendum
1048 423 1104 484 pro

166 491 302 552 humani
325 491 500 554 intellectus
523 494 724 572 diversitate3
751 501 782 557 et
802 496 972 558 voluntatis
997 497 1105 558 incon-

167 583 305 660 stantia,
327 583 551 665 indomitoque
579 587 785 666 cupiditatum
810 591 888 650 aestu
912 588 944 648 in
967 590 1106 669 qualibet

168 676 334 756 agentium
348 677 558 756 multitudine,
573 681 751 742 necessaria
765 684 811 741 est
826 685 963 759 potestas
978 683 1102 762 aliqua,

169 788 244 853 quac
259 768 375 830 habeat
389 769 442 849 jus
456 765 640 851 designandi
666 773 787 850 media,
812 777 905 852 atque
931 793 1038 836 omnes
1064 776 1105 836 ad

169 863 284 924 eadem
298 862 477 924 adhihenda
494 865 653 944 obligandi
667 886 674 939 ;
692 866 799 945 quain
819 885 852 925 re
874 869 1013 944 potestas
1026 868 1105 946 legi-

169 958 240 1016 fera
256 956 405 1016 consistit.
433 959 514 1036 Ergo
539 962 676 1036 potestas
708 957 841 1036 legifera
861 959 1002 1022 societati
1034 979 1105 1038 per-

169 1050 264 1110 fectae
280 1049 452 1110 certissime
468 1051 627 1130 competit.
991 1043 994 1052 ’

213 1164 227 1199 c
253 1145 284 1202 2⁰
306 1143 350 1202 Ite
366 1143 722 1222 legumopportunitate
738 1147 792 1204 aut
816 1143 1000 1206 necessitate
1022 1163 1105 1205 com-

169 1231 251 1313 pet't
262 1233 401 1295 societati
416 1236 563 1314 perfectae
575 1236 718 1315 judicare
731 1255 768 1296 ac
787 1237 967 1318 decernere,
984 1257 1104 1317 suaque

169 1326 316 1386 membra
331 1326 450 1405 judicio
473 1347 529 1389 sno
556 1329 726 1409 subjicere,
754 1329 812 1389 nisi
836 1329 916 1390 forte
939 1330 1104 1392 manifeste

171 1437 340 1481 erroneum
353 1419 429 1479 illud
448 1421 497 1481 sit.
522 1422 678 1482 Probatur
692 1421 803 1483 eodem
822 1426 1024 1501 argumento,
1043 1442 1105 1502 quo

172 1511 318 1590 superior
331 1513 514 1592 propositio.

213 1627 227 1663 n
254 1608 285 1666 30
299 1607 333 1666 In
346 1605 397 1682 iis,
413 1625 483 1686 quae
502 1607 659 1685 pertinent
671 1607 712 1666 ad
733 1607 876 1668 ordinem
896 1607 1103 1685 superiorem,

171 1697 259 1758 nulla
286 1701 332 1758 est
363 1699 502 1761 societati
526 1699 663 1778 legiferae
683 1703 838 1778 potestas,
870 1699 930 1759 nisi
957 1699 1038 1762 forte
1065 1701 1106 1762 ad

171 1790 348 1870 urgendam
359 1793 541 1852 eorumdem
556 1792 782 1868 executionem,
796 1811 868 1852 curn
877 1792 944 1872 jam
959 1792 1107 1854 determi-

165 1887 250 1944 nata
262 1883 388 1945 fuerunt
402 1885 441 1945 ah
458 1903 513 1962 eo,
531 1885 580 1945 cui
598 1884 767 1963 superioris
790 1885 907 1946 ordinis
926 1903 1002 1946 cura
1020 1904 1107 1946 ecm-

173 1977 272 2038 missa
289 1981 345 2038 cst.

212 2093 227 2126 u
253 2071 324 2131 iam
347 2069 445 2149 igitur
473 2069 514 2130 ἃᾶ
539 2070 641 2148 ipsam
666 2070 909 2148 applicationem
931 2071 1107 2133 mediorum

173 2162 292 2242 gradus
306 2166 353 2225 est
366 2163 539 2240 faciendus,
557 2164 589 2223 id
604 2164 701 2224 estad
712 2167 909 2242 potestatem,
924 2183 994 2244 quae
1006 2164 1044 2225 de
1055 2164 1108 2226 illa

172 2254 306 2336 judicat,
324 2275 379 2316 seu
390 2256 430 2316 od
433 2263 608 2336 potestatem
610 2255 816 2335 judiciariam.
1215 2320 1218 2330 ,

216 2351 282 2411 VII.
305 2371 320 2406 u
346 2349 391 2408 De
407 2357 552 2428 potestate
565 2348 741 2428 judiciario.
761 2349 926 2410 potestatis
936 2350 1110 2430 judiciaria>

174 2441 406 2521 hocproprium
415 2460 481 2502 esse
490 2441 635 2518 diximus,
646 2441 824 2517 efficerent
833 2441 938 2500 media
948 2443 1108 2522 proposita

175 2535 372 2613 applicentur
385 2535 454 2611 rite,
471 2534 504 2594 id
524 2538 570 2596 est
585 2535 676 2614 juxta
692 2551 763 2593 enm
775 2533 906 2594 modum
920 2551 957 2593 ao
969 2553 1105 2610 sensum,

175 2645 238 2708 quo
258 2646 315 2706 per
335 2631 522 2706 potestatem
541 2627 705 2706 legiferam
729 2630 801 2687 sunt
823 2627 983 2705 proposita
1002 2647 1008 2687 ε
1024 2628 1108 2706 quod

177 2720 305 2801 quidem
327 2721 388 2782 duc
407 2721 538 2782 involvit
548 2720 676 2800 judicio,
699 2720 833 2782 alterum
847 2719 886 2779 de
907 2737 982 2781 vero
1002 2719 1108 2799 legum
1170 2793 1173 2799 y

175 2808 281 2891 sensu,
306 2815 439 2874 alterurn
454 2813 493 2873 dc
517 2813 674 2874 sociorum
689 2813 875 2890 actionibus
892 2816 998 2876 utrum
1019 2813 1109 2875 uimi-

176 2926 247 2969 rum
262 2907 411 2986 praedicto
433 2909 539 2986 legum
560 2907 664 2966 sensui
687 2907 861 2967 conformes
888 2907 959 2983 siut,
984 2925 1105 2966 necne:

176 3001 260 3062 unde
285 3000 438 3081 ejusmodi
462 3004 599 3078 potestas
627 3003 711 3060 recte
728 2999 894 3079 judiciario
920 2999 1105 3076 appellatur.

178 3093 297 3166 Quibus
310 3092 490 3174 praemissis
508 3091 650 3172 sequitur

216 3210 231 3246 s
257 3182 435 3267 Propositio.
460 3184 615 3264 Competit
636 3184 777 3246 societati
802 3182 948 3262 perfectae
972 3185 1109 3262 potestas

174 3279 354 3360 judiciaria.
876 3297 878 3303 ⁸

217 3395 231 3432 u
257 3372 349 3434 Prot.
367 3370 523 3452 Competit
542 3369 682 3432 societati
697 3369 843 3448 perfectae
860 3367 912 3450 jus
931 3369 1075 3450 exigendi
1091 3389 1110 3428 a

178 3466 242 3527 suis
253 3466 407 3546 quidquid
415 3463 626 3526 necessarium
638 3467 685 3524 est
693 3463 833 3524 adfinem
841 3463 1106 3544 consequendum.
