2546 4016
350 296 458 346 rourar
480 295 633 345 srarrrrrs
653 297 736 346 sarrs
758 297 914 346 aruorrer.
1044 283 1105 362 lot

164 447 251 507 tunt.
266 441 318 506 Sia
328 441 527 524 resoriptum,
537 447 770 524 testamentum,
783 439 986 526 autlegatum
1000 446 1105 510 valere

167 540 276 618 potest
289 537 321 598 in
336 556 399 600 uno
416 537 562 618 capitulo,
580 542 612 600 et
625 556 688 601 non
709 539 741 600 in
762 540 861 602 altero
880 543 1035 620 separato.
1054 541 1106 604 Sia

169 631 279 706 etiam,
301 649 366 711 rap.
390 633 438 707 19,
459 628 495 690 de
507 629 674 710 pretend„
695 633 889 711 approbatur
902 634 1057 696 sententia
1072 634 1105 695 in

167 739 245 800 nno,
258 727 290 784 et
302 723 530 802 reprobaturin
541 724 650 786 altero.
666 727 745 786 Item
757 725 901 803 donatio,
917 726 1077 807 fidejussio
1094 773 1102 805 ,

168 815 340 896 promissio
368 815 460 893 doris,
494 816 578 878 ualet
604 817 709 897 quoad
734 835 891 879 summam
917 819 1102 899 legitimam,

168 909 290 971 corruit
303 925 379 970 vero
394 909 499 988 quoad
514 927 685 972 excessum.
704 911 796 973 Fallit
816 931 882 991 reg.
896 911 972 989 ista,
987 913 1012 972 si
1029 913 1104 976 utile

169 1007 202 1064 et
216 1002 327 1064 inutile
338 1001 400 1064 sint
412 1002 579 1079 contraria,
594 1003 826 1083 inseparabilia,
845 1008 877 1066 et
891 1004 1002 1066 vitium
1021 1005 1053 1066 in
1071 1025 1104 1068 re

136 1137 140 1144 -
169 1096 365 1173 contineant,
380 1115 434 1156 seu
448 1096 687 1158 substantialem
701 1115 851 1160 errorem.

211 1191 260 1250 13·
283 1187 358 1250 Cum
378 1188 453 1270 quid
464 1189 659 1270 prolibatur,
683 1190 877 1272 prohibeatur
903 1194 1010 1269 monio,
1040 1213 1105 1275 quoe

167 1290 332 1363 aquantur
345 1301 383 1343 aa
397 1282 458 1344 illo.
477 1283 529 1344 Sia
546 1283 579 1344 in
601 1285 853 1365 quadragesima,
871 1287 1028 1366 prohibito
1050 1305 1105 1349 esu

169 1376 325 1453 earnium,
342 1375 629 1455 prohibenturore,
648 1381 680 1439 et
696 1377 863 1456 lacticinia,
887 1397 957 1460 qua
978 1380 1106 1442 trahunt

167 1469 327 1549 originem
342 1471 549 1547 sementinam
572 1489 610 1530 ex
629 1489 743 1547 earne3
770 1475 802 1534 et
817 1473 958 1551 privatus
980 1473 1103 1551 allisio,

167 1561 313 1644 privatur
325 1561 422 1624 etiam
432 1563 596 1640 benefioio,
609 1565 693 1642 quod
704 1563 797 1627 datur
810 1569 940 1646 propter
949 1565 1102 1641 officium3

168 1659 203 1717 et
227 1654 387 1734 prohibito
407 1655 545 1717 dominio
569 1656 745 1736 religiosis,
770 1657 954 1736 prohibetur
980 1673 1104 1738 quoque

168 1748 319 1824 donatio,
335 1749 537 1811 commutatio
554 1794 562 1826 ,
578 1749 718 1813 venditio
732 1769 838 1812 rerum
859 1751 900 1812 sd
919 1767 1011 1813 usum
1031 1769 1106 1813 eon·

168 1859 341 1920 oessarum,
358 1844 417 1904 eto.
433 1842 548 1921 llxoipe
568 1861 617 1920 ea,
633 1861 703 1922 quae
717 1843 784 1904 lieri
806 1843 1026 1923 prohibentur,
1049 1844 1105 1906 sed

168 1935 255 1998 laeta
268 1937 389 2012 tenent,
409 1937 601 2016 effeetusque
614 1937 724 1998 exiliis
739 1942 905 2020 sequentes
917 1941 991 2001 sunt
1004 1939 1079 2001 boni
1096 1957 1102 2000 :

168 2028 215 2092 sio
228 2029 314 2090 enim
326 2029 516 2091 contrahens
531 2045 604 2091 uum
616 2031 715 2092 altera
730 2032 769 2092 de
779 2031 938 2112 prasenti,
952 2033 1035 2094 lioite
1045 2033 1107 2094 uti-

165 2126 221 2186 tur
234 2121 448 2200 matrimonio,
466 2141 529 2184 non
554 2123 749 2186 obstantibus
769 2125 931 2204 ,prioribus
952 2125 1106 2205 sponsali-

164 2216 228 2279 bus
242 2217 281 2277 de
298 2216 414 2277 futuro.
432 2217 506 2278 llaeo
520 2234 587 2297 reg.
605 2217 774 2297 ampliatur
798 2219 839 2280 ed
860 2219 1102 2282 antecedentia:

163 2310 278 2391 Aliquo
286 2307 450 2390 prohibito,
466 2329 548 2371 ornae
561 2310 788 2392 r'dprotr‘betar,
801 2331 859 2392 per
882 2311 1106 2394 quodperuem'-

167 2408 219 2464 ταν
237 2401 279 2464 od
294 2401 379 2464 illuct.
407 2402 528 2466 Glossz
548 2404 623 2484 quia
637 2407 778 2466 cessante
791 2403 873 2482 tine,
899 2409 1022 2470 cessant
1041 2421 1107 2466 me-

167 2495 222 2558 dia
248 2497 289 2557 ad
314 2495 401 2558 illud.
436 2497 526 2559 Unde
559 2498 609 2559 oui
637 2497 823 2576 prohibetur
848 2497 1103 2576 matrimonium,

165 2589 218 2652 rel
239 2589 329 2667 ordo,
360 2589 454 2650 etiam
469 2590 496 2650 ei
512 2591 718 2669 prohibentur
737 2590 912 2670 sponsalia,
935 2591 985 2652 rel
1005 2591 1107 2669 prima

164 2685 309 2745 tonsura.
454 2681 457 2687 ’

209 2779 260 2837 lt·
280 2777 479 2839 Aeeessorr'am
502 2786 641 2840 natarum
661 2777 744 2862 sequi
762 2776 900 2859 roaprur't
914 2776 1103 2860 prr‘aeipolrt.

162 2867 221 2933 sia
235 2870 290 2930 ubi
305 2889 368 2934 non
390 2872 531 2935 subsistit
547 2872 794 2951 matrimonium,
816 2890 874 2934 neo
899 2871 941 2933 ibi
966 2876 1013 2934 est
1027 2873 1104 2947 dos;

167 2959 242 3024 item
258 2967 398 3043 potestas
408 2966 571 3028 exeoutiva
580 2965 689 3045 gratia
702 2965 792 3045 fartor
801 2983 864 3026 non
875 2964 997 3043 expirat
1006 2967 1106 3026 morte

168 3057 393 3142 ¹oono'edentis3
423 3059 504 3120 bene
527 3076 602 3120 vero
631 3058 741 3138 gratiae
769 3057 914 3138 faciende
928 3074 941 3134 ,·
973 3057 1048 3136 quia
1075 3057 1107 3117 in

162 3150 364 3230 priorissas
392 3155 529 3233 potestas
559 3154 606 3214 est
631 3151 806 3214 accessoria
822 3169 830 3225 ;
846 3150 878 3210 in
907 3151 1006 3211 altero
1030 3166 1106 3213 raro

170 3242 363 3326 prinoipalis.
381 3245 473 3307 Fallit
487 3264 553 3325 reg.
569 3244 601 3304 in
619 3244 678 3322 bis,
695 3244 727 3304 in
747 3242 859 3324 quibus
879 3243 919 3304 ob
939 3242 1107 3324 specialem

171 3336 327 3400 rationem
341 3339 445 3416 valet,
464 3341 495 3400 et
509 3337 680 3400 sustinetur
698 3335 929 3415 accessorium,
946 3337 1019 3401 lieet
1031 3338 1108 3400 dafi-

164 3429 236 3491 aiat
247 3431 487 3512 prinoipale,ut
494 3431 709 3513 juramentum
718 3445 812 3510 snper
823 3429 926 3494 usuris
936 3429 1105 3508 solvendis,

173 3523 224 3588 vel
238 3523 404 3585 alienando
420 3525 518 3588 fundo
538 3525 644 3588 dotali.
665 3527 743 3589 ltem
764 3524 956 3590 sustinentur
979 3523 1105 3604 legata,
