2546 4016
175 271 215 330 sl·
384 275 615 326 msnnumcuns
633 279 715 326 suuis
735 275 891 324 ennomus.

175 423 281 488 seculi
293 442 365 485 cum
377 422 550 485 senonibus
559 421 706 484 Ecclesiae
717 421 946 502 conjunxerunt
954 425 989 484 ut
998 421 1103 501 potius

175 518 310 598 gretiam
322 515 520 595 impensioris
535 519 697 594 captarent
709 525 804 596 quem
816 519 851 576 ut
864 518 968 576 essent
980 515 1021 576 de
1032 515 1105 596 jure

144 607 145 610 ’
176 609 384 672 ecclosiestico
398 609 479 669 bone
495 608 609 670 meriti.
629 611 800 686 Propterea
812 608 851 668 de
864 607 977 668 herum
993 609 1105 670 cellec-

174 704 296 765 tionum
306 701 491 764 auctoritate
504 701 562 762 hos
577 719 712 762 oenones
725 715 937 780 proponemus
953 721 960 762 :

215 798 295 858 Vlllt
325 794 425 857 Canon
446 797 500 854 1¹¹¹.
524 797 638 854 Graecee
667 793 865 855 collectiones
889 794 1010 854 coeteris
1033 799 1106 857 sunt

176 888 386 950 anteferendm
408 887 613 966 inquantum
630 886 741 966 muj0ri
763 889 914 965 prestent
935 890 1102 965 vetustate,

175 986 206 1042 st
221 981 439 1061 dispositiones
459 979 607 1040 Ecclesiae
624 979 765 1041 referunt
778 979 868 1059 juxte
886 979 1027 1058 linguam
1045 981 1105 1042 o1i-

173 1075 311 1153 ginslem
324 1077 356 1134 ot
369 1071 560 1151 primitivam
569 1072 601 1132 iu
616 1090 678 1151 que
692 1073 841 1133 confectae
853 1077 935 1134 sunt.

217 1166 316 1228 Conco
325 1169 381 1226 2¹¹⁸.
399 1165 462 1227 Sed
472 1183 544 1225 cum
553 1183 650 1243 penes
663 1167 785 1226 Gnaeeos
794 1165 956 1226 videamus
965 1165 1106 1228 animum

175 1259 216 1320 e'd
225 1257 547 1336 schismuproclivem,
555 1258 580 1318 si
588 1258 665 1338 quid
674 1258 807 1338 legimus
815 1258 847 1318 in
858 1258 906 1318 his
917 1259 1104 1321 collectioni-

173 1353 232 1413 lius
246 1352 331 1432 quod
342 1366 446 1412 ceusu
461 1350 638 1412 schismatis
648 1351 754 1412 severe
769 1352 877 1430 possit,
894 1370 966 1412 cum
981 1371 1106 1414 summe

175 1447 297 1508 cautela
310 1443 525 1523 recipiendum
538 1447 594 1505 est.

216 1538 316 1600 Conon
329 1541 384 1600 3¹¹⁸.
398 1540 476 1599 Cum
490 1537 672 1598 collectores
686 1536 853 1598 videantur
869 1536 1034 1617 specialius
1048 1539 1106 1598 ed-

175 1631 250 1696 dicti
271 1632 321 1693 vel
345 1629 516 1692 haeresibus
535 1629 586 1691 vel
608 1629 780 1707 schismati,
806 1629 831 1690 si
856 1629 931 1709 quid
953 1633 1104 1710 estquod

176 1743 304 1785 oensem
319 1723 458 1802 ipsorum
474 1723 572 1802 possit
588 1723 773 1786 confirmare
788 1725 820 1783 ot
831 1723 923 1800 tussi,
940 1722 972 1782 id
986 1723 1105 1802 puriter

176 1835 239 1879 nen
264 1817 331 1876 siue
350 1815 453 1876 studio
474 1823 607 1894 magno,
626 1815 794 1894 prudentie
815 1817 1000 1894 cautelaque
1024 1817 1105 1878 reci·

175 1909 325 1988 piendum
338 1911 394 1970 est

216 2001 298 2063 Satis
308 2000 376 2062 hieu
384 2000 493 2062 sintde
502 2000 737 2063 collectionibus
746 2002 868 2082 guaecis.
884 2005 957 2064 Post
964 2003 1104 2066 schisma

175 2093 363 2156 Photinnum
381 2095 468 2155 nulle
480 2099 613 2174 appetet
632 2095 773 2157 collectio
792 2096 920 2158 maximi
932 2098 1100 2177 momenti,

176 2191 399 2267 etsequuntnr,
408 2191 663 2267 ntprototypum,
674 2189 889 2250 collectionem
899 2185 1100 2266 Photiunem3

176 2279 253 2340 elius
277 2283 350 2358 pest
383 2281 550 2360 abruptum
583 2282 784 2343 concordium
818 2282 900 2344 inter
928 2285 1103 2346 Romanam

175 2373 347 2433 Ecclesium
371 2377 403 2435 et
430 2373 639 2452 Oiientelem,
664 2373 741 2436 teies
763 2376 961 2438 collectiones
982 2377 1112 2438 nullum

175 2465 326 2526 influxum
341 2466 372 2527 in
390 2466 585 2544 disciplinam
603 2466 749 2530 Ecclesiae
768 2468 975 2531 Occidentalis
985 2469 1102 2531 hebere

175 2559 358 2639 potuissent.

519 2693 696 2759 ARTICULUS
708 2695 754 2760 Ill.

429 2867 464 2911 DE
481 2871 668 2914 senescimus
683 2873 853 2914 tsntnoncn.

216 3027 239 3092 l.
257 3027 385 3111 Aliquos
398 3010 558 3107 in'leti'ne,
575 3030 664 3092 sicuti
679 3031 712 3091 in
726 3047 831 3111 graeco
841 3030 991 3112 Ecclesia,
1008 3033 1102 3098 inisse

176 3127 479 3186 vetustessecrorum
488 3125 1103 3190 cononumcollectioncsenemineindu-

177 3215 449 3279 hiumrevocotur.
468 3217 589 3279 Scimus
600 3218 684 3278 enim
701 3219 786 3297 quod
801 3224 870 3282 orto
884 3221 1055 3300 qneestione
1070 3222 1102 3282 in

179 3308 299 3370 actione
312 3311 380 3372 XVI
392 3310 512 3371 concilii
522 3311 792 3390 Chalcedonensis
802 3316 941 3392 supeer
950 3333 1102 3376 cononem

179 3400 300 3462 concilii
322 3401 449 3479 Nicaeni,
467 3403 507 3463 de
519 3403 642 3483 juribus
657 3405 875 3484 episcoporum
894 3408 1103 3469 constentino-

178 3493 388 3578 politenorum
410 3499 440 3556 et
455 3498 668 3557 Romanorum
682 3499 882 3580 Pontificum,
899 3519 962 3562 non
980 3504 1104 3565 tuntum
