2512 4012
158 277 218 338 tel
378 287 607 337 insnmrrouns
627 288 710 336 rums
731 287 886 338 coroner.

153 429 211 498 ab
222 433 375 514 episcopis
392 433 558 497 mittuntur
575 435 634 513 pro
647 434 788 496 relatione
800 441 893 498 stetur
913 453 974 498 sue
986 435 1094 498 dioeee-

158 547 228 603 seoe,
262 526 435 606 praesertim
456 533 597 606 ternpore
621 527 823 606 visitationis,
848 532 883 590 ut
909 531 1024 591 referat
1045 531 1095 592 ad

159 620 434 700 congregationem
466 619 695 682 cardinalitiam
730 625 761 682 et
786 621 932 701 subjiciat
961 623 1094 684 intuitui
1194 670 1200 679 .

152 719 249 778 Rom.
265 712 433 791 Pontificis,
451 713 475 774 si
488 712 563 794 quid
575 713 722 776 videatur
735 733 804 776 esse
816 712 847 775 in
862 715 922 776 hac
935 715 1094 777 relatione

150 807 245 888 ·quod
270 806 424 888 gravioris
450 805 489 868 sit
509 807 662 868 momenti
685 806 964 887 auctoritatemque
990 808 1095 887 ipsius

159 899 318 964 Pontificis
330 899 479 980 requirat.

198 995 265 1055 XX.
289 996 323 1054 3ο
353 990 547 1072 concrepatio
572 990 692 1052 indicis.
720 994 798 1054 Cum
831 992 909 1054 nihil
937 994 977 1055 sit
1004 995 1094 1056 unde

158 1087 259 1166 magis
272 1085 393 1165 possint
406 1102 510 1145 mores
525 1084 682 1165 corrumpi
695 1102 790 1165 quam
808 1085 899 1147 lectio
919 1105 1094 1164 pravorum

150 1180 320 1255 librorum,
344 1177 484 1239 Ecclesia
501 1177 548 1238 sui
564 1178 702 1238 muneris
716 1196 784 1240 esse
798 1178 886 1240 duxit
899 1182 967 1242 tum
976 1179 1092 1241 mediis

158 1270 368 1354 preventive,
387 1289 442 1332 seu
460 1270 626 1348 revisione,
643 1269 795 1350 impedire
810 1290 849 1332 ne
863 1273 941 1334 tales
954 1273 1093 1334 edantur

158 1366 241 1443 libri,
268 1369 337 1429 tum
365 1363 477 1426 mediis
503 1363 686 1442 repressivis
713 1364 875 1426 consulere
904 1369 938 1427 ut
961 1366 986 1426 si
1012 1366 1091 1428 editi

158 1461 272 1536 essent,
282 1458 331 1519 vel
341 1455 544 1520 materialiter
553 1457 799 1534 destruerentur,
807 1458 857 1518 vel
867 1458 1091 1522 saltemmora-

157 1553 240 1629 liter,
265 1553 358 1614 cauta
372 1549 490 1614 scilicet
513 1548 735 1628 prohibitione,
761 1569 824 1630 qua
838 1549 982 1612 fidelibus
1007 1555 1092 1613 esset

158 1645 359 1708 interdictum
387 1661 441 1706 ecs
463 1643 569 1722 legere
595 1661 633 1703 ac
657 1642 802 1721 retinere,
842 1644 925 1705 unde
963 1643 1091 1705 illorum

159 1737 346 1800 existimatio
370 1736 573 1798 minneretur.
592 1735 643 1798 Sic
667 1735 820 1813 videmus,
843 1739 913 1798 Act.
945 1754 1008 1814 xrs,
1038 1741 1087 1815 19,

158 1829 317 1910 apostolos
340 1830 492 1891 librorum
516 1828 639 1906 copiam
656 1846 763 1890 coram
782 1829 926 1891 omnibus
938 1830 970 1890 in
982 1830 1090 1910 ignem

159 1923 340 2004 conjecisse,
356 1939 489 2004 quorum
510 1921 646 2000 pretium
670 1921 710 1982 ad
733 1925 758 1983 L
774 1922 975 1984 denariorum
990 1924 1091 1984 millia

158 2016 359 2096 pertingeret.
376 2015 526 2078 Videmus
540 2017 608 2076 tum
622 2014 797 2076 ordinarios
813 2015 974 2095 episcopos
989 2016 1022 2076 in
1032 2036 1091 2078 sua

158 2108 297 2185 dioecesi,
323 2111 391 2168 tum
414 2110 502 2168 Rom.
525 2107 710 2168 Pontificem
731 2113 763 2170 et
779 2108 912 2171 concilia
929 2110 1090 2188 generalia

158 2201 190 2262 in
205 2201 352 2262 universa
368 2199 518 2276 Ecclesia,
535 2198 648 2261 borum
667 2219 837 2279 pravorum
848 2200 1001 2263 librorum
1018 2222 1089 2282 per-

146 2293 270 2356 vtlitioni
278 2293 459 2356 intendisse.

199 2387 262 2449 Sed
271 2386 512 2450 circumstantiae
527 2404 598 2450 sac.
614 2389 693 2464 XVI,
706 2407 851 2469 -quum
864 2408 987 2469 nempe,
1003 2390 1090 2452 adin-

158 2483 253 2543 venta
264 2484 330 2543 arte
343 2480 583 2560 typographica,
600 2479 749 2561 jamtum
771 2483 885 2545 saeculo
899 2483 1089 2563 precedenti

159 2574 287 2637 haeresis
309 2578 456 2654 eruperat
472 2592 510 2634 cx
532 2592 594 2653 quo
609 2573 731 2636 infinita
753 2591 924 2653 pravorum
937 2576 1090 2638 librorum

158 2668 256 2730 series
281 2671 312 2729 et
333 2665 481 2728 colluvies
503 2667 682 2728 universam
695 2666 862 2731 infestabat
877 2671 1090 2748 Europam-

158 2761 316 2840 postulare
340 2758 415 2819 visae
437 2761 509 2819 sunt
529 2761 565 2820 ut
588 2759 755 2822 efficaciori
774 2762 877 2823 medio
901 2763 975 2823 buic
1004 2764 1088 2825 malo

144 2853 403 2914 succurreretur.
426 2851 473 2911 lta
493 2850 566 2912 Pius
590 2853 630 2914 lv
652 2853 814 2932 proposuit
833 2854 933 2934 (1557)
949 2857 984 2917 ut
1001 2855 1090 2916 indeo

158 2943 377 3020 conficeretur,
394 2943 478 3004 unde
493 2960 602 3004 omnes
619 2944 733 3007 Christi
747 2946 856 3008 fideles
868 2947 948 3008 seire
960 2952 1090 3028 possent

158 3035 306 3118 aquibus
328 3035 417 3097 libris
438 3035 675 3111 abstinendum
699 3037 793 3100 index
807 3039 966 3102 conlectus
980 3044 1011 3101 et
1022 3041 1089 3102 vul·

157 3133 250 3209 gatus
264 3133 311 3191 est
322 3128 403 3190 infra
412 3128 584 3190 biennium.
658 3212 660 3214 Ι

199 3221 261 3284 Sed
287 3221 401 3284 iterum
422 3221 589 3283 concilium
610 3220 827 3285 Tridentinum
846 3225 933 3304 operi
948 3225 1089 3287 incubuit

158 3318 189 3378 et
200 3316 319 3392 statuit,
336 3316 473 3378 sessione
488 3318 535 3392 18,
553 3317 588 3376 ut
601 3314 696 3376 index
710 3316 813 3379 denuc
828 3318 1033 3398 perficeretur
1045 3318 1087 3381 ad

158 3409 311 3490 quasdam
335 3409 488 3488 querelae,
517 3425 586 3488 qua
611 3408 748 3470 subortae
771 3410 906 3487 fuerent,
938 3430 955 3472 e
980 3411 1086 3474 medio

156 3501 320 3563 tollendas.
349 3500 411 3561 Sed
430 3499 562 3578 jamjam
591 3499 758 3562 concilium
775 3501 990 3567 claudendum
1005 3508 1083 3582 erat,
