2484 4016
159 267 217 330 272
368 278 703 328 1nsr1rnrronussnn1s
725 269 897 326 citriorum.¹

159 419 196 488 in
218 425 320 489 olficio
344 425 396 487 illo
430 425 480 487 cui
506 428 620 505 praeest
648 425 795 486 vicarius
809 424 975 504 generalis,
1009 425 1108 505 quod

160 523 327 600 propterea
340 519 501 580 vicariatus
513 519 637 580 dicitur.
652 519 701 579 Ad
712 536 881 595 summum,
893 518 946 580 ubi
968 518 1109 580 distinc-

158 617 226 675 tum
246 614 293 673 est
312 610 449 672 officium
477 611 584 673 vicarii
610 629 774 672 amunere
800 610 953 688 officialis,
970 611 1021 671 vel
1037 613 1107 673 uhi

157 705 339 767 distinctum
360 708 407 766 est
429 722 543 765 munus
557 703 665 765 vicarii
681 703 848 764 dioecesani
865 721 885 764 a
903 721 1032 764 munere
1050 703 1110 766 vi-

159 798 234 860 carii
250 797 459 876 provincialia
475 795 677 876 distinguitur
690 797 722 856 in
732 795 906 858 vicariatum
920 799 953 858 et
977 796 1109 878 officia·

161 893 264 966 latum,
279 894 338 952 etc.

199 987 264 1045 Nec
276 983 458 1045 dissimilem
472 984 568 1045 habet
580 983 713 1045 formam
730 983 799 1062 ipsa
813 1001 944 1044 romana
960 983 1049 1044 curia
1065 984 1104 1044 in

160 1081 312 1158 quantum
333 1075 512 1138 dioecesana
527 1079 584 1137 est.
597 1077 643 1136 lla
657 1076 740 1136 enim
759 1075 901 1138 consistit
914 1076 946 1136 in
959 1076 1106 1138 vicaria-

159 1175 227 1232 tum
242 1169 292 1230 cui
305 1173 418 1248 praeest
429 1169 596 1230 cardinalis
610 1169 758 1246 vicarius
771 1168 824 1250 qui
839 1169 1045 1250 coadjuvatur
1063 1170 1104 1230 in

159 1281 288 1324 munere
305 1281 360 1324 suo
377 1282 395 1322 a
414 1263 543 1341 praelato
558 1262 610 1323 illo
632 1262 684 1343 qui
708 1262 823 1323 dicitur
842 1263 916 1325 uices
933 1282 1043 1348 perores,
1066 1267 1106 1326 et

159 1356 283 1417 duobus
294 1354 363 1416 aliis
383 1354 569 1417 officialibus
580 1354 748 1434 primariiS,
769 1355 820 1434 qui
842 1355 987 1416 dicuntur
1001 1356 1105 1418 locum

159 1457 295 1525 tenentes,
311 1449 389 1510 alter
404 1448 508 1524 rioilus,
521 1447 780 1526 alterumalteum,
793 1447 973 1511 vicariatus.
990 1449 1103 1512 Habet

159 1542 255 1604 etiam
276 1541 519 1618 etseeretnriom‚
544 1539 597 1619 qui
625 1543 732 1602 Romae
757 1558 819 1601 non
832 1540 937 1602 habet
956 1539 1102 1602 officium

158 1635 250 1697 valde
264 1634 446 1696 dissimilem
457 1634 496 1694 ab
507 1633 559 1694 illo
569 1632 653 1712 quod
665 1633 761 1695 habet
773 1633 962 1694 concellarius
972 1634 1004 1694 in
1017 1633 1102 1696 dioe-

160 1727 293 1789 cesibus.
320 1729 434 1790 Omnes
456 1726 507 1788 isti
529 1725 759 1806 coadjuvantur
772 1726 922 1788 ministris
943 1725 1102 1788 secunda-

158 1820 223 1898 riis,
247 1820 330 1881 unde
355 1822 555 1882 constattum
576 1818 725 1897 tribunal,
737 1822 805 1880 tum
824 1819 992 1880 secretaria
1007 1819 1101 1880 vica-

152 1913 268 1975 rietus,

198 2008 307 2067 XXIX.
341 2005 403 2068 Sed
429 2005 461 2065 in
486 2006 638 2084 quantum
662 2008 709 2066 est
737 2005 824 2066 ouria
843 2005 883 2066 ad
916 2005 1100 2066 universam

157 2097 337 2178 reipublicae
355 2096 533 2158 christianes
558 2117 676 2175 curam,
697 2098 839 2176 pluribus
858 2099 1014 2161 redundat
1029 2103 1099 2160 ''ne-

157 2191 260 2271 gotiis.
278 2193 353 2252 Post
376 2191 541 2251 ulteriores
560 2191 808 2252 modificationes
829 2191 972 2253 inductas
995 2209 1015 2252 a
1035 2193 1102 2252 Be-

158 2283 281 2344 nedicto
308 2284 388 2360 XIV,
412 2282 616 2362 distinguitur
640 2283 672 2343 in
696 2283 774 2344 dues
793 2283 946 2346 sectiones
963 2303 969 2344 :
985 2285 1100 2365 pretioe
1138 2352 1142 2356 ,

156 2395 269 2456 nempe
285 2380 317 2438 et
323 2375 464 2457 justitior.

196 2471 289 2534 Curia
298 2469 402 2549 prouti
419 2469 649 2550 diciturgratiee
662 2469 979 2544 constateancellaria
1002 2488 1095 2550 apos·

155 2563 260 2642 tolica,
277 2563 409 2639 datalia,
426 2581 562 2640 camera,
574 2561 807 2641 poenitentiaria
820 2567 851 2624 et
858 2563 971 2642 triplici
990 2581 1093 2624 secre-

155 2657 247 2734 toria,
265 2675 335 2736 quae
358 2675 442 2716 nune
467 2659 671 2717 vocaturuna
684 2655 894 2733 memorabam,
916 2655 1016 2716 altera
1030 2655 1095 2717 bre-

155 2751 245 2825 vium,
256 2749 350 2810 tertia
363 2755 466 2808 status.

195 2841 288 2904 Guria
301 2843 407 2901 autem
422 2839 551 2921 justitiae
567 2844 690 2903 constat
702 2861 786 2902 sacro
797 2851 873 2919 roto,
890 2845 922 2904 et
935 2842 1092 2924 sipaotura

154 2934 204 2997 vel
225 2933 334 3013 gretiae
367 2932 417 2992 vel
436 2931 576 3013 justitiae,
600 2953 656 2995 seu
681 2934 785 3014 prouti
811 2934 940 3013 dieitur,
964 2944 1089 3018 utraque

152 3027 318 3106 sipnoturu.

195 3117 287 3180 Cuma
307 3118 424 3199 pretio.
450 3123 479 3181 1⁰
501 3118 697 3196 cancellaria,
719 3119 810 3200 juxta
835 3124 975 3183 veterem
996 3141 1086 3184 suam

153 3210 389 3290 institutionem,
412 3215 548 3293 praeeret
583 3211 774 3291 supplicibus
804 3213 917 3274 libellis
945 3217 1086 3277 Romano

153 3304 297 3366 Pontifici
326 3305 493 3368 offerendis
523 3305 646 3385 illisque
669 3305 884 3384 expediendis.
912 3307 958 3368 llli
983 3307 1087 3386 prefi-

153 3398 293 3460 aiebatur
314 3399 454 3477 quidam,
479 3399 532 3479 qui
559 3398 721 3460 dicebatur
743 3399 942 3478 concedmus,
967 3420 987 3462 a
1015 3419 1086 3462 can-

152 3490 236 3550 cellis
252 3491 364 3571 quibus
378 3490 583 3553 claudebatur
597 3489 648 3550 bic
661 3490 811 3568 officialis,
825 3493 951 3571 quando
965 3493 1086 3574 suppli-
