2514 4014
149 303 187 368 48
361 312 589 363 rnsrrrurroons
609 312 692 360 runis
714 312 866 361 seronior.

189 466 241 527 lll.
266 459 486 541 descriptorum
513 457 619 539 specics
644 457 810 537 dupliciter
833 456 1086 538 distinguuntur,

150 555 297 619 videlicet
313 553 363 614 vel
382 551 491 613 habita
510 550 630 612 ratione
654 550 814 612 relationis
836 570 930 631 quam
950 557 1090 630 possunt

151 651 255 711 dicere
268 647 309 708 ad
319 647 433 726 legem,
448 645 498 705 vel
511 644 619 705 hahita
632 644 754 706 ratione
764 644 960 706 diversorum
975 645 1087 725 objec-

150 748 254 807 torum
269 741 308 801 de
329 739 441 819 quibus
457 737 637 816 disponunt.

191 835 256 898 Sub
274 833 374 914 primo
387 835 532 910 respectu
547 830 665 891 trifarie
684 830 989 911 subdistingunntnr,
1007 851 1085 912 qna-

149 935 240 994 tenus
266 944 378 1004 nempe
397 923 457 984 dici
475 926 606 1003 possunt
628 923 802 984 secundum
817 923 879 1004 jus,
899 928 1010 986 contra
1029 925 1084 1005 jns

150 1024 200 1084 vel
215 1023 331 1102 praeter
341 1019 403 1100 jus.
422 1016 655 1097 Secuodcmjus,
670 1015 695 1077 si
709 1016 854 1096 princeps
866 1017 918 1098 jus
931 1018 1083 1096 interpre-

149 1119 233 1180 tetur
253 1113 392 1191 illudque
417 1110 563 1190 applicet,
576 1108 626 1170 vel
646 1109 714 1190 ejus
736 1113 883 1188 procuret
901 1110 1083 1190 applicatio-

150 1228 240 1282 nem;
269 1213 371 1267 contra
388 1205 452 1285 jus,
478 1204 504 1263 si
522 1203 668 1282 princeps
689 1203 807 1282 aliquid
827 1204 981 1265 concedat
998 1205 1083 1283 quod

146 1303 210 1385 juri
233 1298 389 1362 communi
411 1297 611 1370 adversatum
625 1303 740 1376 proetcr
748 1296 813 1377 jus,
832 1297 857 1356 si
872 1297 1017 1376 princeps
1038 1297 1077 1358 de

150 1395 305 1476 aliquare
328 1391 473 1470 disponat
489 1407 558 1469 quae
572 1389 678 1450 necin
694 1389 766 1470 jure
784 1389 824 1451 sit
843 1409 900 1451 nec
919 1390 962 1450 illi
984 1409 1079 1469 repu-

172 1490 235 1550 net.

149 1509 269 1643 gllnic
297 1574 487 1638 distinctioni
514 1573 615 1636 affinis
639 1578 686 1636 est
708 1575 761 1636 illa
788 1593 858 1655 qua
883 1575 1009 1654 respicit
1034 1575 1078 1636 di-

150 1674 329 1736 versitatem
363 1669 556 1750 objectorum
587 1687 656 1748 qua
688 1669 746 1729 sub
776 1669 934 1748 rescriptis
966 1669 1078 1730 cadere

149 1771 290 1847 possunt.
322 1763 386 1826 Sub
415 1762 474 1842 hoc
501 1765 646 1841 respectu
674 1760 856 1823 dividuntur
876 1762 1027 1841 rescripta
1047 1761 1078 1821 in

150 1859 302 1936 rescripta
315 1855 422 1936 pratia
439 1857 469 1915 et
488 1853 639 1932 rescripta
650 1853 791 1936 justitia.

191 1955 221 2013 1ο
240 1947 403 2026 Rescripta
431 1946 539 2026 qratr'oe
565 1946 619 2006 illa
648 1950 720 2009 sunt
743 1947 908 2026 inquibus
934 1947 1079 2027 princeps

151 2042 268 2124 aliquid
295 2039 438 2103 concedit
464 2040 515 2102 vel
536 2046 651 2119 proetcr
667 2039 738 2119 jus,
763 2039 813 2100 vel
838 2047 939 2100 contra
954 2041 1018 2122 jus.
1044 2043 1079 2102 ln

150 2137 349 2216 primocasu,
373 2131 530 2194 concessio
545 2131 693 2212 principis
712 2132 825 2194 dicitur
847 2132 1032 2214 beneficium·
1047 2136 1079 2195 in
1188 2186 1189 2189 ,

151 2229 288 2290 secundo
304 2230 419 2302 autem,
437 2225 551 2287 dicitur
559 2225 760 2304 pricilepicm.
780 2227 815 2286 ln
830 2229 975 2306 utroque,
994 2228 1080 2305 prin-

152 2341 225 2401 ceps
237 2338 299 2382 non
316 2310 418 2380 reddit
428 2317 491 2398 jus,
507 2319 562 2378 sed
577 2318 717 2379 favorem
732 2318 881 2398 impertit.

190 2419 222 2476 2⁰
243 2412 405 2490 Rescripta
414 2410 545 2491 justitior
561 2429 616 2472 seu
633 2411 674 2471 od
688 2411 753 2471 lites
767 2412 820 2472 illa
837 2417 909 2474 sunt
933 2433 990 2494 per
1011 2433 1080 2493 quae

152 2508 307 2588 princepS,
325 2509 360 2567 ut
373 2504 459 2565 litem
474 2504 611 2582 dirimat,
624 2505 674 2565 vel
683 2503 735 2584 jus
746 2505 915 2567 obscurum
930 2506 1079 2584 declaret,

152 2602 202 2663 vel
212 2600 264 2681 jus
280 2616 382 2660 causae
397 2616 452 2658 seu
466 2597 511 2659 liti
528 2615 597 2676 quae
613 2600 699 2658 mota
711 2601 759 2659 est
773 2598 919 2677 applicet,
936 2600 986 2659 vel
997 2599 1082 2679 judi-

152 2713 203 2757 ces
216 2694 345 2771 deputet
356 2689 419 2770 qni,
430 2708 486 2768 pro
495 2689 627 2770 justitia,
642 2690 724 2752 inter
735 2689 893 2770 litigantes
900 2691 952 2771 jus
963 2693 1078 2755 dicant.

153 2785 271 2860 Quibus
293 2784 325 2843 in
349 2782 482 2860 casibus,
500 2783 644 2862 princeps
666 2803 728 2844 non
749 2787 871 2846 tantum
890 2785 1018 2863 respicit
1036 2786 1050 2845 f
1067 2821 1082 2831 -

152 2896 260 2941 vorem
287 2879 439 2957 quantum
458 2875 471 2954 j
512 2875 622 2937 titiam.
647 2879 818 2956 Propterea
841 2876 909 2938 haec
930 2878 1082 2957 rescripta

152 2971 287 3034 maxime
300 2971 373 3031 sunt
388 2968 494 3028 affinia
510 2969 569 3029 illis
581 2987 650 3049 quae
667 2969 800 3030 diximus
814 2971 967 3032 secuudum
975 2972 1038 3052 jus.

191 3067 243 3128 lV.
274 3063 360 3125 Volor
379 3061 587 3143 rescrrptorum
609 3063 735 3124 omnino
761 3063 908 3125 aestimari
931 3065 1024 3126 debet
1045 3085 1083 3126 ex

153 3158 312 3219 voluntate
332 3155 545 3232 rescribentis,
560 3155 649 3217 sicuti
664 3157 750 3236 leges
765 3175 803 3217 ex
819 3158 979 3220 voluntate
990 3158 1084 3237 legis-

152 3247 270 3310 latoris
289 3250 354 3320 Quo
369 3249 480 3326 posito,
496 3251 631 3329 quatuor
644 3253 814 3311 nascuntur
832 3251 996 3312 corollaria
1017 3262 1083 3312 ser-

153 3340 258 3402 vanda
269 3339 322 3400 uhi
335 3341 439 3418 agitur
453 3341 492 3401 de
506 3341 605 3403 visen
614 3343 721 3404 valore
731 3344 964 3423 rescriptorum.

195 3436 225 3494 1⁰
246 3433 432 3511 Rescriptum
449 3453 547 3512 perse
566 3433 705 3514 loquendo
726 3435 798 3496 dicit
809 3436 863 3517 jus
877 3437 1060 3516 particulare

149 3544 207 3606 per
223 3523 354 3586 accidens
375 3525 707 3605 accomodaremus
728 3527 787 3588 caira
797 3527 880 3608 juris
898 3529 1044 3592 universal
