2484 4016
388 331 427 385 na
450 330 578 386 caruero
599 336 682 386 rums
703 337 858 386 crnourcr.
1029 321 1087 390 335

160 481 221 547 Sed
236 501 299 545 non
312 483 371 546 fuit
384 483 439 544 illa
453 481 609 561 completa
623 481 794 561 exemptio,
811 483 866 544 sed
880 483 983 563 potius
1005 501 1088 570 quae-

159 577 232 657 dam
241 576 386 638 limitatio
401 575 564 655 potestatis
578 573 762 655 episcopalis
777 577 883 656 quoad
891 577 1063 666 monachos
1077 599 1085 653 ;

158 688 220 731 non
234 671 362 731 fuerunt
376 668 525 731 subtracti
540 668 701 748 regulares
720 667 759 728 ab
775 669 953 731 obedientia
967 671 1088 754 episco-

158 781 281 842 porum,
299 763 353 823 sed
366 761 468 840 potius
481 762 610 822 definita
623 765 695 822 sunt
710 761 818 844 capita
828 762 860 823 in
874 753 987 843 quibus
996 783 1088 844 regu·

155 855 238 916 lares
254 855 408 934 episcopis
429 855 737 936 subjicerentur,ch
756 873 829 917 non.
852 857 941 920 Unde
956 857 1087 919 celebris

155 948 208 1008 illa
224 947 380 1009 distinctio
392 948 473 1009 inter
488 949 578 1028 lepem
589 946 778 1008 de'oereeaaam
802 951 833 1010 et
846 949 1088 1030 leqemjnradtc-
1105 966 1108 970 ·

157 1049 315 1195 twiriltssuh
330 1135 391 1194 fine
407 1133 527 1213 periodi
543 1123 774 1210 antecedentis,
792 1136 989 1216 potissimum
1010 1155 1086 1200 vero

156 1224 319 1288 occasione
341 1227 572 1288 reformationis
587 1228 818 1306 Cluniacensis,
847 1229 941 1318 hujus
959 1247 1087 1309 exemp·
1212 1291 1216 1300 ,

154 1319 249 1382 tionis
262 1319 336 1400 jura
352 1319 496 1398 ampliari
511 1324 691 1398 coeperunt,
709 1321 866 1401 siquidem
880 1341 1023 1405 cumper
1037 1341 1087 1384 re-

154 1413 372 1474 formationem
403 1413 640 1474 Cluniacensem
674 1413 800 1476 familia
833 1415 1084 1494 monachorum,
1161 1455 1172 1474 κ

155 1504 278 1567 familiis
305 1505 399 1566 etiam
424 1505 650 1567 monachorum
684 1505 880 1587 conjunctae,
905 1507 1087 1588 generalem
1166 1524 1169 1527 ·

155 1597 383 1660 constituerunt
397 1597 540 1659 ordinem
553 1599 611 1660 suh
631 1599 744 1660 abbate
760 1599 1086 1678 generali.⁴Quemad-

155 1691 283 1753 modum
306 1691 431 1751 illorum
447 1691 657 1771 ‘congregatio
675 1687 846 1754 excedebat
859 1691 980 1758 'limites
994 1692 1086 1772 unius

155 1788 208 1845 aut
223 1784 351 1844 alterius
365 1784 549 1861 dioeceseoS,
562 1784 607 1845 ita
616 1785 656 1845 ab
666 1785 758 1846 unius
771 1791 825 1853 aut
836 1786 964 1870 alterius
978 1789 1086 1848 aucto-

154 1877 244 1938 ritate
260 1876 398 1954 episcopi
412 1876 570 1938 substrahi
586 1877 691 1956 coepit,
700 1882 731 1939 et
743 1873 942 1957 peculiariter
953 1878 1085 1942 Romani

154 1967 313 2030 Pontificio
327 1969 504 2031 auctoritati
519 1971 744 2032 commendari.

193 2062 256 2123 Sed
271 2062 326 2122 illa
344 2063 513 2142 exemptio,
535 2081 604 2142 quae
623 2063 668 2124 sic
687 2067 828 2143 coeperat
846 2063 1087 2143 introduci,·per

154 2155 279 2216 ordines
304 2155 519 2216 mendicantes
546 2157 702 2236 completa
726 2157 840 2232 evasit3
866 2147 1023 2237 siquidem
1051 2156 1084 2218 hi

152 2248 277 2310 ordines
298 2249 337 2308 ah
352 2245 548 2310 incunabulis
573 2248 636 2310 suis
657 2250 783 2312 fuerant
800 2251 840 2311 ab
863 2239 1085 2331 episcoporum

151 2341 368 2421 jurisdictione
392 2341 558 2405 substracti
579 2345 610 2403 et
633 2341 813 2403 immediate
833 2345 985 2404 Romano*
1003 2343 1086 2405 Pon-

153 2434 230 2496 tifici
242 2433 384 2514 subjecti.
403 2433 493 2496 Unde
512 2434 629 2494 factum
653 2437 700 2495 est
723 2435 806 2514 qnod
822 2435 951 2495 abbates
963 2453 1018 2496 seu
1033 2453 1087 2496 su·

154 2527 292 2604 periores
315 2526 460 2587 ordinum
477 2526 668 2605 regularium
692 2545 753 2588 non
775 2530 897 2589 tantum
918 2526 1086 2590 habuerint

153 2619 185 2679 in
204 2619 345 2681 subditos
369 2638 442 2680 suos
458 2619 628 2699 quamdam
640 2619 802 2698 propriam
813 2621 1012 2698 potestatem,
1029 2619 1085 2681 sed

153 2711 279 2772 illorum
297 2711 562 2773 auctoritasfacta
576 2712 669 2773 fuerit
678 2711 854 2792 jurisdictio
868 2711 956 2791 quasi
967 2711 1086 2792 episco-

153 2805 249 2884 patis,
272 2804 429 2883 siquidem
454 2805 674 2884 episcoporum
694 2804 763 2866 loco
778 2804 905 2866 fuerunt
923 2823 1001 2884 erga
1014 2805 1086 2867 sub-

154 2898 235 2959 ditos
264 2917 355 2975 suos,
383 2897 443 2958 hac
474 2900 597 2958 tantum
627 2902 752 2959 servata
776 2895 969 2975 differentia,
1002 2897 1086 2978 quod

155 2991 286 3052 Romani
301 2989 459 3052 Pontificio
474 2989 599 3051 nomine
610 2989 662 3071 jus
677 2989 827 3052 dicerent.

195 3086 393 3163 Quapropter
406 3083 573 3144 relationes
584 3083 728 3163 juridica
746 3083 827 3144 inter
840 3083 974 3145 familias
993 3100 1087 3162 regu-

154 3179 235 3239 lares
248 3181 279 3238 et
294 3176 446 3237 dioeceses
458 3175 630 3238 immutata
645 3179 727 3253 sunt,
742 3193 799 3236 nec
815 3175 948 3254 amplius
969 3174 1088 3235 familia

153 3269 305 3350 regularis
324 3269 356 3328 in
373 3267 482 3328 ordine
498 3268 538 3328 ad
553 3267 714 3329 dioecesim
734 3267 932 3329 considerata
948 3269 994 3328 est
1017 3269 1090 3329 tan-

156 3381 250 3443 quam
265 3360 445 3422 sodalitium
454 3361 678 3437 dioecesanum,
693 3378 748 3421 seu
761 3360 892 3422 societas
902 3357 1087 3438 imperfecta

155 3455 236 3517 intra
251 3451 411 3514 dioecesim
425 3449 576 3529 instituta,
591 3447 647 3514 s'ed
661 3452 763 3534 potius
773 3456 925 3533 tanquam
940 3449 1083 3514 dioecesis

156 3551 187 3610 in
203 3547 311 3613 ordine
332 3546 373 3608 ad
388 3545 565 3623 dioecesim,
582 3541 736 3626 siquidem
751 3543 876 3608 ordines
896 3542 1078 3620 monastici,
