2484 4016
353 295 392 340 ue
412 285 539 342 cesare
559 295 643 342 rums
668 293 823 340 cenorum.
994 283 1055 342 323

122 439 258 502 tutiores
272 439 497 518 produxerunt,
522 439 667 520 antiquas
681 439 943 518 reformaverunt,
960 440 1004 502 ite
1019 445 1055 503 nt

123 533 220 594 talem
234 551 272 593 ec
286 535 407 594 tantum
418 533 591 594 habeamus
601 553 659 612 per
672 534 754 596 banc
768 534 944 613 periodum,
958 553 1057 596 novo-

124 645 194 686 rum
211 626 358 687 ordinum
371 630 439 688 tnm
459 630 602 687 veterum
614 628 858 689 reformatorum
873 646 1054 705 numerum,

18 709 20 768 ἶ
124 726 159 780 ut
172 719 243 780 haec
255 722 341 796 aetas,
353 737 423 799 quae
439 737 458 778 a
475 720 589 780 saeculo
603 719 789 781 duodecimo
802 739 901 800 usqne
916 721 957 782 ad
972 720 1057 782 deci-

18 883 19 886 ,
124 832 213 874 mum
243 816 364 873 sextum
378 812 575 890 perducitur,
600 831 674 873 vere
691 831 804 891 parcns
821 814 1057 876 foecundissimo

125 905 220 966 fuerit
234 904 465 966 inst'tutionum
478 905 681 984 regularium.

165 999 230 1060 Sed
251 1016 314 1058 non
329 997 470 1059 omnium
493 998 624 1059 istarum
641 999 872 1060 institutionum
897 1001 982 1062 idem
997 1003 1057 1082 spi-

127 1093 223 1168 rituS,
240 1090 352 1150 eadem
380 1090 519 1168 indoles,
544 1092 655 1151 eudem
677 1093 825 1154 sanctitas
840 1097 871 1154 ct
889 1095 1054 1159 rectitudo.

18 1191 19 1222 l
127 1189 195 1247 Non
214 1184 312 1245 semel
335 1183 454 1244 factum
477 1187 524 1244 est
547 1188 601 1262 nt,
624 1185 682 1245 sub
697 1185 821 1264 pietatis
846 1191 877 1250 et
896 1189 1057 1268 religionis

18 1337 19 1356 ,
127 1277 242 1357 specie,
252 1276 407 1355 impietus,
417 1277 556 1354 haeresis,
565 1278 743 1356 superstitio
755 1280 971 1358 obtegeretur:
983 1303 1013 1344 v.
1023 1302 1055 1363 g.

18 1357 19 1438 J
127 1369 266 1450 religiosi
278 1369 323 1429 illi
335 1369 494 1430 Humiliati
509 1369 595 1444 dicti,
613 1389 668 1430 seu
682 1374 840 1449 Pauperes
855 1391 874 1432 a
889 1375 1055 1454 Lugdnno,

18 1459 20 1484 *
126 1482 204 1546 quos
214 1468 367 1542 tanquam
382 1463 547 1524 haereticos
563 1464 726 1524 damnavit
736 1465 850 1526 Lucius
860 1467 901 1528 lll
917 1468 954 1546 (c.
971 1485 1007 1528 111
1024 1469 1059 1530 de

18 1555 20 1620 l
124 1558 254 1638 emer).
273 1558 354 1638 Ergo
376 1555 408 1616 in
422 1559 510 1618 tanta
529 1575 635 1616 rerum
650 1557 901 1637 perturbatione,
924 1561 957 1620 in
972 1564 1059 1624 tenta

124 1650 363 1712 innovatiounm
375 1649 547 1727 verietate,
566 1656 778 1729 opportunum
800 1653 934 1715 credidit
955 1655 1059 1716 Eccle-

124 1745 170 1805 siu
182 1744 215 1804 in
231 1742 414 1822 rigidiorem
430 1742 516 1802 abire
537 1742 745 1822 disciplinam.
757 1746 796 1806 Et
809 1745 896 1823 dum,
909 1747 1060 1809 anteactis

18 1909 19 1922 χ
78 1882 82 1890 .
125 1836 275 1918 periodis,
290 1835 382 1896 facile
405 1835 676 1896 obsecundaverat
690 1836 893 1899 fundatorum
902 1839 1057 1918 spiritum,

18 1925 20 2002 l
125 1931 173 1992 his
196 1928 391 2009 temporibus
407 1931 620 2007 opportunum
635 1928 768 1991 credidit
781 1931 982 1994 considerare
998 1934 1061 2013 spi-

125 2025 205 2086 ritus
217 2042 259 2084 an
270 2041 307 2083 ex
321 2025 385 2084 Deo
401 2026 514 2098 essent,
536 2040 650 2095 necnc;
665 2022 815 2103 ideoque,
831 2026 945 2088 saeculo
962 2029 1060 2103 Xlll⁰‚

19 2161 20 2188 ι
126 2126 195 2182 tum
217 2117 250 2177 in
264 2115 396 2178 coneilio
420 2114 559 2194 generali
584 2116 786 2178 Lateronensi
814 2118 870 2180 lV⁰
891 2120 949 2180 sub
972 2122 1061 2184 lnno·

19 2209 21 2248 l
127 2211 233 2274 centio
256 2210 296 2271 lll
321 2209 401 2288 (esp.
428 2225 475 2286 rx,
499 2207 534 2268 de
554 2208 639 2288 reliq.
666 2206 769 2287 dom),
790 2215 858 2272 tum
876 2211 907 2274 in
930 2215 1060 2276 concilio

19 2319 20 2376 ξ
126 2302 330 2384 Lugdunensi
340 2303 378 2363 ΙΙο
393 2302 451 2364 snb
467 2301 616 2381 Gregorio
627 2304 654 2362 X
666 2301 858 2382 (capnnico,
874 2307 987 2368 eodem
996 2308 1059 2387 11⁰),

127 2397 285 2461 sancitum
300 2402 346 2458 est
360 2399 395 2456 ut
408 2413 501 2456 nemo
514 2412 628 2455 novam
642 2395 826 2472 religionem
840 2397 989 2476 inveniet,
1007 2401 1062 2460 sed

19 2497 20 2500 ’
128 2509 228 2554 unam
243 2490 281 2550 dc
297 2488 477 2569 approbatis
492 2494 641 2548 assumat.

171 2583 236 2646 Sed
252 2583 300 2644 bae
313 2582 393 2662 juris
406 2581 581 2642 communis
603 2580 832 2659 dispositiones,
854 2582 929 2644 dnm
951 2604 989 2646 ex
1000 2605 1063 2647 nne

129 2681 221 2758 parte
243 2674 395 2740 tollebant
408 2673 538 2753 privatis
553 2673 716 2735 arbitrium
734 2674 886 2736 fundandi
902 2695 1001 2739 novos
1016 2697 1063 2740 or-

130 2773 221 2834 dines
245 2768 405 2848 regulares
421 2771 453 2828 et
470 2766 624 2847 episcopis
642 2766 823 2829 facultatem
838 2769 990 2833 tollebant
1010 2790 1064 2835 ecs

130 2861 344 2947 approbandi,
363 2879 426 2922 non
448 2863 608 2939 poterant,
633 2877 671 2921 ex
688 2860 768 2937 alie,
784 2862 970 2940 imminuere
985 2884 1063 2944 prae-

130 2958 296 3020 cellentem
320 2953 452 3015 Romani
476 2951 635 3014 Pontificis
658 2954 893 3034 anctoritatem,
915 2976 978 3038 qua
992 2975 1065 3038 pos-

132 3054 217 3126 sunt,
239 3066 295 3128 pro
315 3045 546 3107 institutionum
562 3046 807 3124 opportunitate,
825 3066 922 3110 novos
939 3051 1065 3112 ordines

133 3142 321 3224 approbare.
337 3142 402 3200 lmo
422 3137 589 3200 concilium
603 3138 811 3217 Lugdunensc
827 3143 999 3205 secundum
1012 3163 1066 3204 ex-

132 3254 240 3317 presse
255 3235 338 3295 hanc
356 3233 538 3294 facultatem
557 3232 697 3292 Romano
720 3233 861 3294 Pontifici
879 3237 1063 3301 reservavit.

135 3331 236 3400 Quare
249 3327 343 3408 hujus
357 3323 576 3406 prohibitionis
594 3326 721 3386 effectus
735 3344 798 3387 non
815 3326 873 3388 fuit
892 3331 927 3390 nt
945 3329 1066 3393 nullum

136 3423 247 3484 exinde
261 3421 456 3502 reperiamus
470 3436 589 3480 novum
602 3418 778 3480 institutum
790 3421 978 3500 regulariter
991 3441 1068 3486 con-

137 3516 246 3602 ditum,
270 3515 327 3580 sed
340 3518 463 3582 tantum
474 3515 510 3577 ut
524 3511 653 3580 confusa
671 3515 704 3576 et
716 3514 884 3580 arbitraria
898 3534 1008 3582 eorum
1022 3516 1068 3594 iu·
