2512 4012
173 292 231 360 202
383 299 611 348 INSTITUTIONES
631 298 713 344 rums
736 298 889 346 senonici.

176 448 374 528 majestatem
388 443 538 524 principis
558 445 787 521 repraesentent
800 443 887 522 quasi
913 463 969 522 per
992 449 1107 509 seriem

177 543 227 603 vel
247 543 391 602 catenam
416 536 587 618 quamdam
606 554 676 615 quae
696 555 715 596 e
736 535 877 615 principe
894 557 993 617 usque
1007 541 1048 600 ad
1061 541 1109 602 in-

176 638 286 696 fimum
304 632 524 711 magistratum
547 629 725 705 descendit,
750 632 780 689 et
801 629 914 690 iterum
940 632 980 692 ab
999 633 1107 695 intimo

179 727 319 788 omnium
331 714 519 804 magistratu
533 723 573 782 ad
584 721 758 800 principem
773 740 871 800 usque
887 725 1064 787 revertitur.

219 823 328 898 ltaque
336 818 404 898 jam
414 821 481 878 tum
495 834 514 876 a
528 814 693 894 primitivis
708 815 896 893 evangelice
912 818 1109 894 praedicatio-

179 915 227 974 nis
248 897 442 990 temporibus
469 909 613 970 videmus
643 907 797 986 quosdam
824 907 919 968 fuisse
951 910 1109 974 institutos

180 1007 342 1086 episcopos
357 1004 407 1082 qui
426 1021 488 1063 non
503 1006 625 1062 tantum
639 1018 704 1060 suae
719 1005 889 1079 praeessent
902 1001 1040 1082 dioecesi,
1054 1007 1110 1066 sed

181 1101 276 1160 etiam
289 1097 429 1159 omnium
443 1094 653 1156 Ecclesiarum
672 1092 803 1172 alicujus
817 1095 986 1171 provinciae
1001 1116 1110 1158 curam

182 1191 379 1252 sustinerent.
400 1191 446 1248 lta
460 1187 547 1248 Titus
563 1185 696 1246 nonfuit
715 1186 845 1246 aPaulo
861 1187 987 1249 relictus
997 1191 1108 1268 Gretae,

151 1307 157 1314 ·
182 1304 239 1346 nec
250 1282 431 1345 Timotheus
442 1280 568 1358 Ephesi,
586 1282 620 1340 ut
630 1283 752 1340 tantum
765 1281 908 1342 Creteam
918 1283 968 1342 vel
981 1283 1111 1362 Ephesi-

182 1397 256 1438 nam
275 1375 448 1438 Ecclesiam
461 1373 726 1449 administrarent,
741 1374 795 1433 sed
810 1376 845 1435 ut
859 1377 890 1436 et
903 1375 1043 1436 omnium
1054 1379 1113 1438 Ee*

183 1471 348 1533 clesierum
362 1489 432 1548 quae
446 1472 514 1528 tum
533 1467 565 1526 in
580 1467 682 1526 insule
696 1469 806 1543 Cretae,
823 1469 890 1527 tum
904 1467 937 1526 in
951 1469 1111 1546 provincia

183 1564 320 1627 Asiatica
337 1562 476 1623 fundatae
491 1561 626 1636 fuerent,
649 1557 890 1638 sollicitudinem
908 1559 1071 1624 haherent.

224 1661 320 1718 Porro
342 1673 439 1736 quum
463 1654 495 1714 in
518 1653 640 1714 delectu
663 1652 776 1712 harum
795 1652 956 1714 civitatum
980 1674 1113 1734 quarum

185 1749 338 1830 episcopis
360 1748 428 1808 heac
450 1744 729 1826 superepiscopalis
749 1745 884 1824 dignitas
907 1749 1111 1826 conferretur,

186 1845 294 1904 electae
308 1843 433 1902 fuerant
449 1839 637 1917 metropoles
658 1838 890 1917 provinciarum
910 1859 972 1919 quo
994 1842 1114 1903 facilior

186 1938 308 2015 pateret
322 1934 362 1994 ed
378 1933 504 1993 casdem
525 1949 688 1992 accessus:
703 1930 776 1992 inde
796 1936 842 1994 est
855 1934 943 2013 ¹quod
961 1935 1009 1996 hae
1025 1936 1114 1997 sedes

187 2028 379 2108 episcopales
394 2025 602 2103 metropoleos
622 2024 748 2085 nomine
771 2025 894 2087 donatae
917 2031 999 2105 sunt,
1023 2032 1115 2108 prout

184 2122 251 2202 jam
264 2121 296 2181 in
311 2119 420 2182 ordine
436 2117 517 2179 civili
529 2121 728 2180 usuvenerat.

228 2215 380 2274 Sucocssu
403 2216 591 2290 temporum,
610 2230 707 2292 quum
735 2211 868 2289 politioae
888 2212 1115 2276 vicissitudines

188 2306 376 2384 metropoles
390 2305 633 2381 immutaverint,
652 2304 725 2366 dicti
739 2308 811 2367 sunt
823 2305 925 2385 potius
935 2305 1117 2385 simpliciter

189 2398 413 2482 archiepiscopi,
431 2402 582 2478 tanquam
606 2397 709 2476 capita
735 2398 952 2477 episcoporum
972 2418 1116 2479 compro-

189 2492 384 2569 vincialium,
407 2491 511 2571 quiin
532 2491 643 2552 ordine
668 2491 709 2551 ad
738 2491 807 2552 illos
827 2491 900 2554 dicti
921 2497 994 2554 sunt
1011 2493 1116 2574 suffro-

189 2586 285 2666 puori.

232 2681 310 2740 Xlll.
335 2679 454 2740 lladem
468 2679 565 2738 ferme
580 2677 781 2756 proportione
802 2697 864 2758 qua
878 2679 1119 2742 instituebantur

193 2771 330 2850 episcopi
354 2769 561 2848 metropolitae
582 2789 676 2848 super
695 2771 857 2850 episcopos
875 2774 1118 2852 comprovincia-

191 2865 249 2941 les,
265 2862 383 2924 institui
404 2861 497 2923 etiam
517 2866 681 2941 ooeperunt
695 2866 726 2925 et
743 2864 879 2943 episcopi
895 2865 948 2944 qui
962 2870 1119 2946 metropo-

192 2957 254 3018 litis
270 2956 365 3018 etiam
377 2959 560 3034 praeessent,
583 2975 695 3034 nempe
716 2957 767 3035 qui
787 2963 957 3036 praeessent
976 2960 1120 3021 omnibus
1143 2978 1146 2987 ’

193 3051 360 3131 provinciis
380 3049 595 3112 ecclesiasticis
620 3067 689 3128 quae
709 3050 740 3110 in
763 3049 866 3130 aliquo
880 3071 985 3131 ¹regno
1001 3055 1052 3114 vel
1067 3072 1121 3114 na-

193 3145 278 3205 tione
294 3144 537 3206 continerentur.
560 3143 640 3204 uicti
659 3146 731 3203 sunt
744 3143 795 3205 isti
810 3147 894 3223 apud
911 3147 1038 3207 Latinos
1059 3147 1122 3227 pri-

194 3244 295 3313 mates,
312 3238 446 3299 ecorctoe
462 3256 537 3298 vero
557 3255 652 3314 penes
667 3238 799 3298 Graeoos
820 3239 870 3300 Sic
892 3238 1045 3300 habemus
1060 3239 1123 3319 pri-

196 3334 313 3391 matem
321 3331 578 3393 Cantuariensem
590 3329 775 3408 proAnglia,
786 3331 1056 3412 salisburgensem
1066 3350 1122 3412 pro

198 3423 374 3497 Germania,
391 3425 634 3501 Lugdunensem
651 3439 708 3499 pro
729 3424 844 3500 Galliis,
865 3427 1051 3486 Toletanum
1066 3443 1122 3505 pro

197 3513 357 3594 Hispania,
376 3517 435 3576 eto.
452 3517 528 3576 Tres
551 3517 655 3576 eutem
676 3514 802 3580 fuerunt
822 3517 1007 3581 exarchatus
1028 3536 1123 3601 penes
