2546 4016
190 263 248 328 los
398 273 624 322 rusrrrurrouas
645 273 726 320 runis
749 273 901 320 annornm

189 422 364 484 dividemus
380 419 413 479 in
428 419 585 498 duplicem
600 418 769 479 sectionem
786 438 792 478 :
810 417 925 495 prima,
943 418 982 477 de
1004 417 1126 479 collec-

188 515 325 577 tionibus
338 511 546 574 Decretalium
558 529 627 591 quae
640 529 659 571 a
672 511 818 572 Gratiano
829 511 870 570 ad
881 511 1068 589 Gregorlum
1078 513 1125 572 lX

190 608 281 668 edita
304 609 397 678 sunt;
423 604 576 679 secunda,
598 604 637 663 de
661 603 894 664 collectionibus
907 604 1125 664 Decretalium

189 719 259 780 quac
274 717 294 759 a
308 697 456 778 Gregorio
476 699 517 757 lX
539 696 579 756 ad
603 695 816 757 Tridentinam
839 713 938 775 usque
960 697 1124 774 synodum

188 793 278 854 factae
292 795 375 853 sunt.

278 941 288 996 s
303 947 319 986 Ι.
333 954 363 984 nt
376 949 574 984 GOLHGI'IONIEUS
588 949 758 982 oscannum
772 949 835 982 nm
847 948 1021 982 GREGORUMS.

227 1067 376 1130 Ordinem
398 1064 593 1126 antecedenti
618 1063 788 1142 analogum
809 1067 993 1144 sequenteS,
1010 1082 1122 1142 perse-

187 1177 321 1239 quemur
334 1158 418 1237 quod
433 1159 568 1237 spectat:
586 1160 617 1216 l⁰
631 1156 672 1216 ad
687 1156 859 1232 historiam,
874 1159 905 1218 2⁰
923 1156 965 1217 ad
980 1155 1121 1218 auotori-

186 1255 283 1313 tatem
293 1251 406 1312 harum
419 1248 649 1312 collectionum.

422 1404 441 1442 1.
459 1403 490 1443 De
501 1401 596 1444 historia
610 1401 704 1443 illarum
716 1402 875 1446 collectionum.

224 1530 261 1590 Il.
287 1525 398 1589 Statim
413 1543 450 1587 ac
463 1526 561 1587 codex
577 1525 741 1588 Gratianus
751 1525 896 1604 vulgatus
909 1528 965 1601 est,
979 1528 1010 1586 ot
1023 1543 1115 1587 cano-

186 1623 285 1698 nistae,
301 1619 436 1699 separati
451 1618 644 1697 atheologis,
657 1617 756 1698 juncti
769 1619 841 1678 sunt
850 1635 922 1690 cum
934 1617 1116 1679 doctoribus

181 1714 261 1794 juris
288 1713 385 1774 civilis
416 1715 447 1773 et
471 1711 603 1790 publici,
626 1729 682 1789 pro
707 1713 839 1790 utroque
859 1709 930 1791 jure
962 1710 1115 1771 tradendo

185 1805 387 1867 instituerunt
400 1803 587 1865 academiae.
606 1803 714 1882 Operis
727 1803 773 1863 sui
787 1819 854 1863 esse
869 1802 1025 1863 duxerunt
1035 1808 1072 1864 ut
1082 1805 1114 1864 in

186 1901 319 1974 utraque
341 1895 519 1974 disciplina,
537 1914 649 1973 nempe
669 1899 736 1956 turn
750 1895 906 1972 canonici,
927 1900 995 1956 tum
1015 1896 1115 1957 civilis

182 1988 262 2068 juris
275 2035 283 2065 ,
300 1989 452 2066 analogus
467 1991 569 2049 textus
582 1991 651 2049 tum
664 1988 837 2068 magistris,
855 1992 922 2049 tum
934 1988 1115 2051 doctoribus

185 2084 423 2161 proponeretur.

225 2175 372 2236 iamvero
391 2173 444 2253 jus
468 2191 648 2250 romanum,
684 2174 769 2253 quod
793 2178 931 2253 coeperat
954 2175 1115 2254 perillam

186 2269 311 2327 atatem
320 2265 505 2326 reviviscere
518 2267 549 2325 in
560 2267 648 2327 ltalia
663 2270 694 2327 et
707 2285 830 2327 summa
841 2268 873 2327 in
888 2267 1115 2334 existimatione

187 2359 226 2420 ab
240 2358 384 2419 omnihus
394 2358 519 2435 haberi,
534 2363 685 2437 tanquam
697 2358 794 2436 ipsius
803 2360 883 2440 juris
898 2364 1112 2440 prototypum,

187 2451 309 2512 duobus
340 2450 549 2512 voluminibus
577 2451 920 2530 comprehendebatur,
951 2453 1116 2514 Paridectis

188 2562 300 2622 nempe
315 2545 346 2604 et
360 2544 468 2605 codice
486 2563 492 2604 :
511 2543 676 2605 Paudectae
697 2545 1005 2622 comprehendebant
1021 2546 1114 2626 juris-

187 2636 387 2715 prudentiam
395 2655 450 2696 seu
457 2635 920 2716 jurisconsultorumresponsa3
934 2639 1031 2700 codex
1038 2657 1114 2700 vero

188 2728 356 2789 exhibebat
370 2728 547 2806 principum
559 2747 613 2787 seu
629 2728 854 2806 imperatorum
868 2732 991 2809 placita.

228 2821 422 2880 Gensuerunt
432 2820 527 2898 igitur
540 2821 708 2882 canonistas
720 2821 881 2882 decretum
892 2825 1027 2885 Gratiani
1040 2844 1115 2904 quo·

188 2912 356 2974 dammodo
366 2915 517 2992 tanquam
527 2914 756 2974 pandectarum
765 2915 833 2975 loco
843 2934 875 2976 se
884 2916 1000 2977 hahere
1011 2935 1113 2996 posse,

189 3005 291 3085 quod,
306 3009 341 3066 ut
352 3005 492 3083 pluribus
505 3005 664 3066 sententiis
678 3007 842 3083 refertum,
858 3012 1009 3088 tanquam
1020 3009 1116 3089 juris-

188 3098 379 3177 prudentum
391 3098 423 3157 in
434 3097 505 3178 jure
516 3098 725 3160 ecclesiastico
735 3117 886 3177 responsa
901 3102 1017 3162 referre
1029 3102 1115 3162 vide-

189 3189 292 3250 batur.
304 3193 411 3268 Porro,
430 3190 643 3252 desiderabilis
657 3195 761 3252 autem
773 3198 935 3270 supererat
946 3195 1045 3255 codex
1059 3213 1114 3255 seu

190 3280 336 3360 quaedam
355 3283 511 3360 collectio,
529 3302 598 3362 quae
617 3284 686 3344 talis
708 3288 790 3345 esset
804 3273 942 3362 naturae,
966 3291 1000 3348 ut
1014 3287 1114 3349 codici

189 3374 206 3435 J
209 3372 382 3434 ustinianeo
397 3375 430 3435 in
439 3393 474 3434 re
487 3376 568 3436 civili
580 3376 754 3454 comparari
770 3383 889 3455 posset,
905 3397 998 3458 porro
1011 3379 1116 3440 nullus

188 3465 275 3556 locus
287 3469 354 3529 erat
364 3467 474 3550 injure
486 3469 635 3530 canonico
645 3469 696 3550 qui
708 3469 806 3550 possit
816 3471 927 3534 melius
939 3472 1115 3556 principum
