2512 4012
354 286 392 328 na
414 283 541 330 eernere
563 283 644 328 rums
667 281 822 330 coxourei.
998 270 1055 330 207

125 450 207 490 mum
233 430 318 490 Petri
344 429 440 490 veluti
460 428 542 488 illius
563 427 657 507 pallio
680 426 844 505 alligatum
868 427 963 488 fuisse
986 445 1057 489 cen-

125 528 253 600 seretur,
283 523 328 584 ita
348 525 382 582 ut
409 522 462 600 qui
487 521 518 581 in
537 521 619 580 illius
642 520 838 599 possessione
861 521 1054 604 succederet,

125 617 239 695 pariter
265 619 297 677 et
332 615 363 675 in
385 614 539 694 ejusmodi
572 613 757 674 auctoritate
786 614 955 674 succedere
986 633 1057 693 pro-

123 710 262 770 baretur.

158 801 237 862 Inde
261 801 379 861 factum
400 800 548 878 estquod
571 799 701 859 Romani
720 798 896 877 Pontifices,
924 800 977 878 qui
998 801 1055 861 soli

123 893 319 958 successione
330 892 414 970 pallii
431 891 621 952 sanetiPetri
633 892 823 969 gaudebant,
840 891 1056 970 utjauotorita-

122 993 182 1048 tem
194 985 411 1064 significarent
421 985 580 1062 apostolici
592 983 760 1044 vicariatus
772 984 856 1062 quod
867 984 1055 1063 quibusdam

123 1077 363 1140 committebant
378 1077 543 1155 episcopie,
562 1077 727 1136 nonnullas
740 1076 879 1136 fimbrias
893 1095 947 1138 sen
962 1078 1055 1138 vittas

123 1173 159 1232 ab
173 1171 228 1232 illo
241 1170 409 1232 distractas
417 1170 476 1230 illis
489 1169 681 1230 commisisse
693 1169 816 1247 quibus,
829 1169 888 1248 ipsi
899 1170 940 1230 ad
957 1170 1055 1232 instar
1074 1169 1077 1175 ’

124 1264 208 1343 pallii
224 1265 375 1324 humeros
391 1263 671 1324 circumducerent.

160 1361 255 1417 Forte
267 1356 365 1417 veteri
379 1356 431 1417 illo
444 1357 557 1416 amisso
569 1356 619 1415 rel
632 1359 826 1433 consumpto,
845 1374 934 1417 novae
948 1357 1054 1418 'fasciae

123 1453 221 1512 lanea>
238 1450 280 1509 ad
296 1449 394 1510 instar
406 1449 492 1526 pallii
507 1449 604 1510 saneti
621 1448 704 1509 Petri
718 1449 868 1509 conlecta
883 1452 967 1525 sunt,
984 1468 1053 1529 quea

124 1544 244 1622 abipso
258 1541 342 1603 Petri
357 1560 487 1619 corpore
502 1545 634 1620 sumptae
647 1545 708 1601 eta
728 1541 876 1601 Romanis
896 1541 1055 1602 Pontifici-

122 1638 180 1698 bus
215 1634 402 1710 benedietae,
440 1634 488 1694 his
525 1635 677 1714 episeopis
708 1633 881 1694 commissa
910 1637 982 1694 sunt
1021 1638 1056 1696 ut

20 1785 23 1792 i
123 1727 330 1808 apostolicum
361 1726 547 1788 vicariatum
576 1727 650 1806 ipsis
685 1726 871 1786 mandatum
898 1726 1055 1804 significa-

122 1826 201 1883 rent.

161 1914 260 1976 Sicuti
276 1930 351 1974 crux
366 1916 398 1973 ot
410 1913 539 1990 pallium
553 1913 689 1992 insignia
699 1917 772 1974 sunt
785 1912 913 1992 propria
927 1911 1057 1974 vicaria-

122 2013 168 2069 tus
184 2005 358 2085 apostolici,
380 2005 423 2065 ita
438 2006 542 2065 nullus
568 2006 654 2066 hisce
671 2005 826 2085 episcopis
853 2007 967 2066 horum
982 2006 1057 2068 insi-

120 2101 230 2180 gnium
246 2091 394 2176 competit
416 2117 490 2158 usus
514 2098 568 2158 ubi
592 2117 730 2176 praesens
751 2099 790 2160 sit
812 2101 971 2159 Romanus
990 2099 1055 2178 ipse

122 2193 274 2268 Pontifex,
293 2191 342 2251 vel
356 2209 413 2268 per
425 2209 457 2250 se
472 2191 521 2251 vel
539 2210 595 2269 per
612 2210 702 2253 suum
718 2189 885 2270 specialem
903 2192 1054 2271 legatum.

122 2285 307 2366 llujusmodi
329 2283 445 2362 quippe
471 2283 639 2347 vicariatus
667 2303 723 2345 seu
751 2285 898 2363 delegata
921 2303 1057 2362 persona

121 2379 280 2457 exspirare
298 2377 422 2437 videtur
446 2395 543 2455 quum
562 2377 628 2455 ipse
644 2377 733 2438 adest
748 2378 907 2455 delegans,
933 2377 983 2436 vel
1000 2397 1056 2456 per

120 2471 290 2550 specialem
300 2469 542 2546 mandatarium,
555 2470 668 2548 potiori
679 2469 768 2531 titulo
780 2487 949 2546 personam
957 2469 1056 2547 ipsius

120 2567 293 2643 gerentem,
308 2563 417 2623 adesse
431 2566 584 2624 censetur.

160 2656 241 2719 XVI.
255 2659 286 2717 3⁰
299 2658 373 2716 Haec
384 2656 552 2736 auotoritas
563 2659 611 2726 est
620 2655 780 2718 ordinaria
790 2656 822 2716 in
834 2658 986 2737 quantum
1001 2655 1056 2715 ad-

121 2751 221 2811 haeret
235 2748 348 2810 efficio.
373 2752 453 2808 Nam
468 2747 589 2828 dejure
605 2749 762 2810 communi
779 2754 825 2812 est
841 2747 977 2828 dignitas
1002 2767 1069 2832 pa·-

120 2841 308 2918 triarchalis,
335 2841 519 2921 primatialis
541 2845 572 2903 et
599 2842 850 2921 metropolitana.
885 2844 1056 2920 Propterea

121 2936 227 2998 statim
242 2954 278 2996 ac
292 2935 430 3014 legitime
445 2935 505 2995 hoo
530 2934 632 2996 officio
649 2935 717 3013 quis
736 2937 830 3016 fuerit
848 2935 974 3014 potitus,
989 2933 1056 3012 jam

122 3049 177 3108 per
187 3047 383 3108 consequens
394 3047 519 3089 omnem
532 3027 750 3091 auctoritatem
759 3027 938 3110 hujusmodi
953 3025 1054 3086 officio
1168 3029 1170 3034 ’

122 3123 279 3182 adnexam
292 3121 502 3200 consequitur.

160 3219 192 3274 4⁰
207 3217 276 3276 Non
299 3215 400 3276 solum
422 3212 524 3297 officio
543 3211 693 3288 adhaeret,
707 3214 763 3274 sed
779 3213 823 3272 rei
838 3210 973 3288 cuidam,
989 3211 1054 3272 sedi

122 3327 235 3387 nempe
245 3308 295 3368 rel
312 3307 469 3369 cathedrae
484 3305 609 3366 cuidam
620 3304 799 3384 episcopali.
817 3304 906 3368 Unde
918 3305 1056 3383 coneipi-

121 3405 173 3462 tur
191 3405 343 3481 tanquam
356 3400 492 3478 dignitas
507 3396 610 3457 realis.
630 3399 803 3476 Eapropter
818 3397 922 3459 statim
939 3397 1055 3477 aequis

122 3497 308 3555 consecutus
319 3493 359 3553 sit
373 3492 480 3552 sedem
488 3491 574 3552 illam
586 3489 795 3569 episcopalem
806 3491 855 3552 eui
867 3490 934 3552 haec
948 3508 1054 3568 supra-
