2484 4016
178 283 235 345 aei
404 293 636 344 msrrrcrrorns
655 295 739 344 ruris
761 295 915 344 cmourcr.

178 443 360 518 inductam,
378 441 491 502 deinde
515 441 632 521 scripto
654 441 748 504 etiam
769 443 841 524 jure
865 443 1110 522 confirmatam,

179 555 248 617 quae
272 535 388 596 sivein
408 535 506 596 latina
527 535 591 596 sive
617 536 649 595 in
672 553 778 616 graeca
802 537 942 598 Ecclesia
962 538 1116 616 probibet

179 628 304 691 omnino
320 628 743 712 matrimonium'ineundum
757 634 828 709 post
846 649 1008 692 sacrorum
1027 631 1116 692 ordi-

178 740 253 783 num
264 725 296 784 et
306 721 462 802 majorum
475 721 716 801 susceptionem.
728 725 768 784 Et
776 724 804 784 si
812 724 1061 803 praescindamus
1072 725 1115 786 ab

180 816 328 880 abusibus
343 815 407 895 qui,
424 814 528 877 medio
544 833 611 877 aevo
624 816 808 894 praesertim,
823 817 882 877 hac
894 817 926 876 in
936 835 969 878 re
989 817 1115 880 inducti

177 913 261 986 sunt,
275 909 393 970 nullam
401 908 575 987 reperimus
585 908 659 969 huic
669 909 731 989 legi
743 910 878 990 legalem
893 911 1116 990 exceptionem

180 1003 237 1064 nisi
263 1020 360 1063 unam
377 1022 383 1062 :
399 1001 485 1063 illam
504 1019 574 1081 quae
594 1002 769 1063 desumitur
783 1021 821 1062 ex
846 1021 964 1064 canone
986 1003 1116 1065 decimo

180 1095 301 1156 concilii
318 1094 489 1172 Ancyrani,
507 1093 560 1173 qui
575 1094 743 1156 refertura
762 1096 921 1158 Gratiano.
935 1095 1021 1176 (Can.
1036 1094 1118 1156 Diu·

179 1188 265 1264 coni,
296 1202 376 1264 vni,
402 1185 474 1248 dist.
502 1187 566 1267 27.)
589 1187 779 1248 Permissum
801 1191 850 1250 est
876 1189 1015 1250 diaconis
1038 1192 1119 1268 post

178 1280 410 1360 susceptionem
423 1280 504 1341 sacri
521 1280 640 1342 ordinis
650 1299 780 1343 uxorem
794 1281 928 1359 ducere,
950 1281 975 1342 si
990 1281 1021 1341 in
1035 1285 1116 1344 actu

177 1392 274 1438 sacrae
288 1373 492 1436 ordinationis
506 1374 668 1453 protestati
678 1374 809 1438 fuissent
829 1377 972 1454 oportere
984 1393 1018 1436 se
1032 1393 1115 1437 uxo-

179 1487 247 1529 rem
262 1468 378 1528 ducere
397 1467 486 1528 etsie
505 1485 668 1528 remanere
688 1485 751 1529 non
774 1485 877 1547 posse,
890 1473 921 1530 et
944 1465 1116 1548 episcopus

180 1560 302 1622 dederit
316 1578 489 1622 assensum.
557 1591 561 1608 ι

220 1654 280 1715 Sed
295 1657 508 1734 praeterquam
517 1653 601 1733 quod
614 1653 682 1714 baec
691 1651 857 1733 singularis
866 1653 1006 1733 exceptio
1017 1673 1114 1734 regu-

180 1749 244 1810 lam
272 1746 304 1806 in
324 1747 516 1808 contrarium
543 1745 726 1809 existentem
758 1747 986 1823 confirmabat,
1013 1746 1115 1809 hodie

182 1840 276 1902 etiam
286 1859 381 1919 penes
393 1843 516 1902 Graecos
524 1839 563 1900 de
572 1839 676 1901 medio
685 1839 809 1901 sublata
821 1846 868 1902 est
878 1831 1016 1901 omnino.
1032 1843 1122 1902 Nam

182 1932 1119 2013 canssconciliiTrullani,quireferturadratiano(Ganvll,

182 2026 253 2088 dist.
268 2025 330 2105 28),
340 2026 482 2087 absolute
496 2030 526 2088 et
538 2025 604 2087 sine
619 2026 683 2086 ulla
694 2026 889 2088 restrictione
898 2026 1053 2087 sancitum
1067 2031 1122 2090 est

184 2122 216 2182 ut
227 2119 402 2198 presbyteri
417 2120 467 2179 vel
478 2119 612 2197 diaconi,
621 2119 645 2179 si
654 2122 725 2198 post
738 2118 863 2180 ordines
871 2137 1120 2181 sacrosuxorem

186 2211 343 2289 duxerint,
358 2230 476 2272 asuero
492 2212 602 2273 ordine
616 2212 792 2291 deponendi
803 2212 879 2286 sint;
895 2213 1117 2290 etBalsamon,
1152 2233 1155 2238 ·

182 2309 333 2382 Zonaras,
346 2302 531 2365 Aristemius
546 2305 661 2384 aliique
672 2304 766 2385 grreci
777 2304 962 2384 interpretes
974 2305 1120 2368 sentiunt

120 2408 124 2414 '
181 2417 238 2478 per
252 2398 334 2458 hanc
345 2398 524 2477 generalem
534 2397 803 2477 prescriptionem
815 2397 926 2476 synodi
941 2399 1112 2476 Trullanae‚

184 2510 254 2572 quac
266 2491 318 2572 jus
337 2490 412 2553 facit
425 2491 457 2551 in
472 2494 538 2552 tcta
556 2490 699 2552 orientali
717 2491 874 2568 Ecclesia,
897 2491 1116 2570 exceptionem

183 2586 268 2647 illam
282 2587 488 2665 peremptam,
501 2584 721 2665 sublatamque
734 2583 839 2646 fuisse.

224 2678 314 2740 Unde
331 2695 496 2756 possumus
514 2695 570 2756 pro
584 2677 737 2738 hodierna
752 2677 916 2756 disciplina
926 2676 1116 2740 concludere

184 2771 268 2850 quod
281 2771 331 2830 lex
352 2770 507 2849 generalis
526 2769 566 2831 sit
583 2770 615 2831 in
636 2773 703 2831 tota
723 2771 862 2832 Ecclesia
883 2774 1008 2849 recepta
1026 2771 1116 2850 quod
1202 2831 1210 2846 ,

184 2863 304 2924 clericis
325 2863 357 2922 in
376 2863 472 2924 sacris
497 2863 671 2926 constitutis
688 2863 923 2926 matrimonium
939 2862 1116 2944 ineundum

184 2956 397 3038 prohibeatur.

226 3050 288 3112 Sed
299 3049 372 3110 licet
389 3049 458 3110 haec
473 3049 629 3129 generalis
649 3053 757 3128 exstet,
780 3069 841 3112 non
855 3051 938 3112 idem
960 3054 1007 3112 est
1028 3052 1118 3130 apud

184 3144 312 3206 Latinos
325 3148 357 3206 et
371 3143 543 3205 Orientelcs
552 3143 645 3223 hujus
657 3144 874 3223 prohibitionis
883 3146 1020 3206 effectus,
1034 3146 1118 3206 Nam

185 3237 227 3297 ad
251 3237 378 3299 Latinos
399 3236 483 3316 qued
502 3240 633 3315 spectat,
654 3238 779 3298 videtur
796 3238 864 3299 baec
886 3236 1054 3316 prohibitio
1070 3239 1119 3299 nil

186 3329 270 3389 aliud
293 3329 479 3410 importasse
495 3328 554 3391 nisi
574 3332 725 3392 contracti
749 3330 939 3393 matrimonii
958 3329 1120 3392 illicitudi-

71 3461 73 3466 .
185 3439 268 3497 nem,
291 3439 354 3482 non
370 3426 475 3483 autem
489 3423 674 3500 nullitatem,
689 3442 787 3502 usque
800 3424 841 3485 ad
867 3423 1016 3486 saeculum
1035 3423 1120 3485 duo-

186 3512 360 3585 decimum
377 3514 529 3577 diaconus
542 3516 592 3578 vel
616 3517 781 3608 presbyter
792 3517 853 3597 [qui
877 3509 1120 3580 matrimonium
