2512 4012
380 324 418 368 ns
440 325 570 370 cursuro
590 325 673 372 rums
695 323 850 370 carorum.
1024 309 1080 368 183

538 509 642 560 CAPUT
659 510 690 558 li.

449 666 480 704 DE
493 666 656 705 muraneum
669 667 785 706 onouus.

338 797 355 833 Ι.
370 799 403 831 ne
411 809 506 833 numero
516 800 626 844 graduum
636 799 660 833 Ιιι
669 798 797 836 hier-urchi·
809 799 905 836 ordinis.

190 929 213 986 1.
227 925 411 986 Hierarohia
423 931 546 988 constat
557 946 595 989 ex
610 946 741 988 numero
757 932 788 988 et
800 927 976 988 differentia
986 926 1082 1005 pluri-

146 1037 273 1080 morum
293 1020 450 1098 graduum
476 1039 514 1080 ex
535 1039 669 1100 quorum
683 1020 867 1081 harmonica
880 1019 1081 1099 dispositione

146 1131 237 1174 sacer
246 1112 380 1174 resultat
388 1112 591 1192 principatus.
604 1116 758 1175 Jamverc
770 1113 927 1193 illaquam
937 1111 1079 1188 dicimus,

146 1205 266 1268 ordinis
285 1205 463 1266 hierarchia
492 1210 555 1266 tres
578 1207 695 1285 gradus
719 1206 946 1285 complectitur,
966 1206 1083 1284 episco-

146 1305 257 1377 patum
270 1298 398 1376 scilicet,
416 1299 670 1377 presbyteratum
685 1302 716 1360 ct
736 1299 960 1373 ministerium3
977 1303 1009 1360 et
1023 1299 1084 1359 hoc

146 1397 194 1454 est
214 1393 254 1454 de
276 1392 349 1469 fide,
374 1392 393 1452 a
417 1392 549 1453 concilio
572 1410 685 1471 nempe
707 1393 889 1454 Tridentino
908 1391 1082 1470 definitum,

145 1485 288 1552 sessione
300 1488 350 1563 23,
363 1503 432 1546 can.
450 1488 491 1546 6⁰.

188 1580 221 1641 Si
241 1596 316 1640 vero
341 1579 423 1639 hanc
444 1579 655 1658 dogmaticam
674 1579 830 1641 theoriam
848 1580 930 1641 facto
951 1579 1084 1657 applice-

146 1689 235 1749 mus,
255 1672 362 1751 aliqua
375 1672 500 1734 videtur
515 1671 590 1733 oriri
603 1671 771 1734 difficultas
787 1690 872 1733 exeo
886 1671 971 1752 quod
986 1672 1086 1732 eccle·

145 1764 276 1826 siastica
287 1764 452 1843 disciplina
471 1765 502 1824 in
523 1765 639 1826 trinum
662 1783 830 1826 numerum
852 1764 997 1826 ordinum
1022 1782 1084 1825 non

145 1857 272 1935 desinit,
298 1858 354 1918 sed
377 1858 644 1936 computationem
674 1858 757 1920 ultra
780 1857 993 1938 prosequitur,
1023 1857 1084 1918 alio

146 1951 277 2030 quidem
302 1952 396 2013 modo
425 1953 509 2030 apud
532 1955 666 2030 Graecos,
692 1951 753 2014 elio
774 1953 890 2015 iterum
903 1951 988 2031 apud
1002 1950 1086 2014 Leti-

148 2062 216 2106 nos.

190 2137 289 2199 Graeci
302 2142 366 2200 tres
388 2139 603 2200 ministrorum
623 2139 740 2218 gradus
761 2139 991 2218 presbyteratui
1008 2137 1084 2199 iufe-

147 2229 247 2292 riores
271 2235 469 2310 computant,
496 2233 644 2293 diaconos
674 2251 802 2312 nempe,
825 2232 1034 2294 subdiaconos
1053 2233 1084 2292 et

147 2323 297 2398 lectores;
312 2325 413 2386 Latini
428 2343 503 2387 vero
520 2325 669 2406 quinque,
685 2326 802 2387 scilicet
816 2326 1044 2404 postdiaconos
1054 2329 1085 2386 et

148 2417 371 2496 subdiaconos,
393 2419 567 2497 acolythos,
589 2418 769 2493 exorcistas,
789 2418 921 2480 lectores
943 2423 974 2479 et
993 2418 1086 2482 ostia·

148 2529 222 2571 nos.

189 2605 388 2683 Quapropter
409 2605 485 2665 dum
510 2605 680 2666 concordet
701 2608 834 2683 utraque
868 2603 1031 2682 disciplina
1053 2603 1084 2664 in

146 2696 319 2758 retinendis
336 2699 486 2777 gradihus
502 2698 701 2778 episcopatus
714 2701 745 2759 et
760 2698 1005 2777 presbyteratus,
1023 2695 1086 2757 dis-

123 2790 258 2869 'crepat
278 2789 310 2849 in
335 2791 581 2854 determinandis
614 2792 764 2871 gradibus
787 2790 880 2872 hujus
909 2790 1082 2866 ministerii,

147 2883 233 2964 quod
246 2882 287 2943 ad
303 2882 384 2944 hanc
398 2884 534 2963 pertinet
546 2884 767 2947 hierarchiam.

187 2977 224 3036 ll.
245 2977 442 3056 Quapropter
455 2977 586 3038 dubium
599 2978 659 3038 hoc
672 2979 811 3040 nascitur
825 2999 831 3040 :
849 2981 961 3040 suntne
977 2993 1084 3036 omnes

145 3069 195 3129 isti
217 3068 380 3130 ministerii
399 3070 516 3149 gradus
538 3070 652 3132 divinae
674 3067 1085 3148 institutionis?pertinent-

145 3181 185 3222 ne
195 3179 304 3222 omnes
315 3162 446 3224 adhanc
454 3163 665 3224 hierarchiam
673 3182 769 3243 quam
780 3162 947 3225 concilium
957 3161 1084 3222 Triden-

143 3255 246 3314 tinum
261 3255 338 3317 dixit
353 3275 420 3318 esso
443 3256 591 3318 divinitus
620 3256 813 3318 inst'tutam?
838 3259 879 3318 Ut
902 3252 975 3316 huic
1003 3255 1085 3316 diffi-

145 3347 210 3410 cult
230 3348 253 3409 ti
279 3349 528 3427 respondeatur,
554 3349 661 3429 sicque
686 3348 911 3411 determinetur
934 3365 1084 3411 numerus

144 3443 302 3521 graduum
311 3443 363 3522 qui
372 3443 501 3504 adhanc
509 3442 879 3522 hierarchiamspectant,
888 3441 1083 3505 animadver-

144 3535 275 3596 tendum
289 3539 335 3596 est
342 3535 413 3618 jure
429 3536 534 3599 divino
549 3540 664 3618 praeter
685 3554 823 3600 summos
841 3537 1039 3618 episcopatus
1053 3537 1084 3595 et
