2484 4016
155 227 215 298 pot
363 241 594 290 rusurrurrouus
614 241 697 296 cuuto
719 239 873 296 cruentur·

153 386 204 447 vel
227 385 333 466 quoad
343 385 527 449 exercitium
538 385 712 465 suspendit,
730 385 833 446 effecit
846 390 881 446 ut
894 383 977 448 iuter
992 382 1092 446 cbris-

152 479 255 542 tianos
277 479 472 558 reperiretur
489 479 601 560 aliquis
613 482 712 542 status
724 479 854 540 inferior
866 478 934 557 ipsu
948 477 1093 557 generali

152 575 235 636 statu
249 571 362 650 laicali,
380 591 494 652 nempe
509 591 618 635 eorum
635 573 688 652 qui
706 573 745 634 ub
764 572 825 634 sibi
846 571 998 634 inflictam
1018 589 1094 650 poe-

153 683 238 742 nam,
250 683 456 726 censoremve
465 668 520 727 aut
529 665 758 746 poenitentiam,
768 665 828 726 illis
833 664 958 745 juribus
970 664 1093 726 utinen

152 762 279 839 possent
304 758 475 820 conditioni
500 758 604 820 laicali
629 759 775 838 propriis.
803 757 899 839 Cujus
921 758 1094 818 retexem-

152 851 239 930 plum
262 851 542 913 luculentissimum
565 852 719 913 habemus
732 852 765 911 in
779 851 914 930 publicae
934 851 1094 931 poeniten-

152 944 203 1006 riae
225 944 400 1024 discipline,
425 945 581 1025 siquidem
595 947 783 1026 poenitentes
807 944 851 1006 sic
866 944 968 1006 vocati
982 944 1032 1005 vel
1055 943 1093 1006 in

153 1039 292 1114 Ecclesia
303 1057 364 1099 non
379 1039 539 1100 habebant
554 1057 726 1115 accessum,
747 1038 797 1098 vel
812 1038 844 1098 in
859 1038 1028 1118 quemdem
1041 1038 1093 1100 lo-

153 1149 225 1192 cum
245 1131 425 1193 inferiorem
443 1132 679 1212 redigebantur,
707 1131 756 1193 vel
780 1131 820 1194 ub
841 1131 981 1194 Ecclesia
1003 1132 1090 1211 ipsa,

151 1230 293 1304 tempure
303 1224 480 1286 divinorum
493 1224 726 1305 mysteriorum,
741 1225 986 1304 expellebantur,
995 1224 1038 1286 ita
1051 1228 1094 1287 ut

150 1317 189 1380 de
200 1316 324 1398 juribus
337 1318 500 1380 laicalibus
514 1319 651 1398 perfecte
665 1318 854 1398 participare
870 1337 933 1378 uon
942 1324 1087 1397 possent,

149 1410 1089 1490 etcbristianifereineamdemredigebanturconditionem,

149 1522 187 1574 ac
201 1505 418 1566 cathecumeni
432 1505 464 1566 in
479 1505 652 1568 Ecclesiam
666 1505 807 1568 nondum
818 1504 957 1570 admissi.

120 1609 122 1612 ’
189 1614 264 1674 Haec
274 1611 313 1672 dc
324 1611 592 1673 communioribus
607 1613 689 1673 inter
702 1611 799 1673 laicos
814 1609 1089 1686 distinctionibus;

148 1704 320 1785 singularia
350 1723 426 1767 vern
446 1705 520 1786 jura
551 1705 769 1787 sinqulnresque
785 1703 997 1785 prorepetitio
1018 1722 1093 1785 qum

149 1798 232 1860 loiris
245 1807 421 1880 competunt,
435 1801 508 1861 sunt
524 1819 531 1861 :
549 1801 581 1860 1⁰
597 1798 650 1879 jus
665 1797 855 1874 advocatira;
871 1801 903 1860 2⁰
912 1797 965 1879 jus
976 1799 1092 1878 patro-

149 1894 251 1954 natus.

441 2041 607 2088 santonus
622 2041 786 2088 SECUNDUS.

461 2185 583 2266 Dejure
595 2183 765 2248 advocatio.

186 2346 238 2410 1v.
251 2347 328 2420 Eum
338 2345 511 2409 maximum
523 2345 659 2426 politicae
674 2345 831 2412 societatis
840 2345 970 2422 bonum,
982 2345 1091 2406 maxi-

145 2457 297 2520 mumque
316 2439 498 2519 praesidium
518 2439 559 2502 sit
589 2439 731 2501 custodia
762 2438 938 2518 religionis,
971 2437 1024 2498 vix
1044 2456 1089 2502 ac

145 2532 351 2612 imperatores
373 2533 533 2596 christiani
549 2533 624 2594 facti
642 2537 725 2610 sunt,
746 2551 808 2594 non
825 2535 995 2611 potuerunt
1017 2549 1088 2597 nou

145 2627 285 2705 profiteri
305 2626 479 2688 maximnm
492 2627 631 2689 studium
640 2626 790 2707 juvanda
807 2625 978 2705 religionis.
989 2624 1087 2687 Unde

145 2720 227 2781 inter
254 2723 370 2781 caetera
387 2720 462 2800 jura
484 2721 658 2801 mejestatis
689 2719 750 2782 hoc
775 2720 954 2781 habuerunt
982 2717 1085 2780 caris-

145 2813 259 2874 simum
269 2807 322 2892 jus
332 2814 440 2875 tuendi
450 2815 636 2876 Ecclesiam:
650 2815 733 2894 quod
741 2814 794 2894 jus
803 2812 939 2894 sequiori
951 2829 1017 2874 avo
1027 2811 1085 2872 ad-

144 2906 323 2986 uocatioejur
337 2906 456 2968 dictum
470 2912 532 2982 ast3
551 2927 609 2970 nec
623 2907 762 2968 Ecclesia
773 2907 893 2986 respuit
899 2906 983 2966 hunc
992 2905 1082 2985 prin-

145 3000 250 3079 cipum
264 3001 376 3077 zelum,
394 3003 426 3062 et
439 3005 569 3080 excepto
587 3020 663 3066 casu
678 3019 739 3081 quo
754 3003 822 3062 tum
840 3001 872 3062 iu
892 2999 1081 3062 interiorum

144 3093 358 3171 subversione,
367 3097 434 3154 tum
447 3094 719 3174 obaliaspoliticas
729 3093 957 3156 vicissitudines
967 3093 1081 3155 debuit

144 3186 222 3248 alios
236 3187 426 3263 deterrerer,
455 3187 531 3250 elios
552 3188 721 3250 advocatos
744 3187 804 3248 sibi
821 3191 910 3250 extra
932 3185 1078 3250 ordinem

142 3297 337 3357 comparare,
365 3285 517 3360 tanquam
542 3283 711 3343 advocatus
730 3299 803 3344 suos
827 3280 1001 3342 ordinarios
1028 3281 1073 3356 et,

142 3373 177 3430 ul
189 3369 233 3430 ite
245 3371 359 3448 dicam,
371 3376 472 3450 natos,
487 3373 797 3443 christianoshsbuit
811 3373 979 3452 principes.

112 3527 114 3531 ,
183 3463 247 3520 Nec
265 3461 420 3541 principes
437 3466 519 3528 male
540 3467 643 3530 meriti
663 3469 737 3529 sunt
755 3467 794 3528 de
817 3469 905 3529 tanta
925 3465 1073 3529 Ecclesia
