2484 4016
371 287 421 334 na
443 287 573 336 caruero
594 290 677 336 rums
700 249 855 337 canonici.
1027 263 1085 338 293

146 431 285 496 naturali
297 433 586 513 suapersonalitate
594 433 839 513 essentspoliati.
852 433 972 495 Relatio
981 439 1086 494 autem

147 532 219 588 erat
243 526 410 599 naturalis3
423 531 592 606 propterea
603 545 667 588 non
679 526 781 606 potuit
794 527 860 589 tolli
881 528 921 588 ab
935 527 1085 604 Ecclesia,

146 621 212 680 imo
228 620 260 680 in
280 619 421 681 Ecclesia
436 626 574 699 recepte,
590 621 722 699 ipsaque
739 619 879 682 Ecclesia
892 637 999 681 servos
1015 619 1101 681 suos'

147 712 270 773 habuit.
289 711 352 774 Sed
376 716 411 773 ut
432 711 544 774 vitium
565 713 728 774 tolleretur
742 713 826 792 quod
842 731 900 793 per
913 713 1087 773 humanam

148 805 386 884 corruptionem
400 805 582 884 irrepserat,
600 823 723 866 summa
737 806 906 884 prudentia
920 806 1017 884 coepit
1028 807 1088 866 Ec-

149 898 247 960 clesia
265 917 303 958 ex
321 916 385 958 uua
399 902 488 976 parte
503 899 600 960 servis
613 899 777 979 injungere
789 898 999 959 obedientiam
1013 917 1088 978 erga

151 991 298 1052 dominos
317 1009 409 1064 suos3
431 1010 468 1050 ex
484 991 545 1052 alia
559 1010 635 1054 vero
650 991 823 1071 praedicare
835 991 988 1070 principia
1004 1009 1089 1052 ccm-

150 1083 256 1144 munis
281 1083 409 1162 originis
432 1085 573 1145 omnium
586 1085 749 1145 hominum
772 1084 812 1145 ab
827 1103 890 1145 uno
905 1085 985 1160 Ada,
1004 1101 1088 1146 com-

150 1177 257 1238 munis
283 1177 491 1254 reparationis
523 1179 663 1239 omnium
697 1177 860 1238 hominum
884 1177 915 1238 in
945 1177 1087 1252 Christo,

151 1268 328 1334 communis
344 1269 524 1330 directionis
544 1274 575 1331 et
597 1270 804 1351 reparationis
825 1270 965 1331 omnium
987 1269 1089 1331 homi·

149 1381 228 1423 num
242 1362 274 1422 in
288 1362 383 1422 finem
395 1366 521 1424 aeternae
535 1363 749 1425 beatitudinis
774 1363 840 1434 Quo
853 1363 971 1423 factum
995 1365 1042 1424 est
1055 1365 1090 1424 ut

148 1461 272 1516 mentes
300 1453 349 1516 liis
372 1456 534 1534 principiis
566 1457 694 1519 imbutae
723 1455 889 1516 debuerint
904 1454 1019 1516 sensim
1041 1473 1088 1514 re·

149 1547 258 1608 laxare
287 1548 459 1608 immanem
484 1549 571 1610 illam
586 1549 769 1610 servitutem
788 1567 860 1628 quse
875 1548 933 1608 sub
956 1547 1087 1626 imperio

149 1659 283 1703 romano
296 1641 408 1720 viguit,
423 1641 524 1702 donec
536 1642 675 1702 Ecclesia
686 1659 756 1703 eam
766 1641 865 1703 voluit
878 1640 1004 1702 omnino
1015 1640 1088 1701 abo-

148 1733 227 1811 lere,
253 1733 387 1796 reducta
413 1735 561 1796 servitute
579 1728 716 1796 insuam
735 1734 927 1814 primitivam
941 1734 1086 1811 formam,

148 1825 183 1886 id
198 1829 256 1904 est,
270 1826 302 1887 in
318 1845 432 1906 puram
446 1828 646 1888 servitiorum
660 1827 860 1889 locationem.

190 1919 223 1980 ll⁰
244 1920 323 1981 Item
348 1939 386 1980 ex
407 1920 479 2000 jure
507 1921 649 2000 gentium
677 1926 724 1980 est
748 1923 817 1982 orta
837 1918 997 1980 distinctio
1008 1918 1090 1980 inter

151 2012 329 2092 principem
340 2017 371 2074 et
385 2013 547 2093 populum,
564 2014 646 2076 inter
658 2013 860 2092 magistratus
873 2015 905 2073 et
918 2013 1011 2089 cives,
1027 2015 1086 2072 etc.

150 2107 240 2166 Hanc
268 2106 363 2167 etiam
384 2106 492 2167 debuit
514 2107 653 2185 recipere
666 2106 816 2183 Ecclesia,
834 2110 872 2184 et
887 2123 1006 2181 omnes,
1024 2104 1090 2165 sive

151 2199 325 2277 principes,
343 2199 408 2260 sive
431 2198 583 2276 subditos,
599 2204 750 2279 tanquam
764 2198 844 2259 filios
859 2216 932 2260 suos
954 2197 1092 2277 acquani-

152 2291 247 2351 miter
262 2292 433 2370 suscipere,
457 2291 588 2353 sublatis
601 2294 725 2352 tantum
737 2290 820 2352 vitiis
842 2309 912 2371 quae
927 2291 1001 2351 huic
1012 2291 1091 2351 rele-

150 2383 232 2446 'tioni
246 2389 454 2447 accesserant,
471 2385 629 2445 Inculcato
640 2382 680 2444 ab
693 2384 833 2445 Ecclesia
842 2383 995 2462 principio
1007 2383 1092 2463 quod

157 2476 261 2540 omnis
272 2481 410 2557 potestas
427 2481 473 2539 est
484 2495 503 2538 a
513 2480 588 2554 Deo,
604 2477 688 2556 quod
700 2476 800 2536 omnis
814 2476 920 2536 anima
934 2476 1093 2537 sublimio·
1115 2537 1117 2540 .

154 2568 244 2630 ribus
259 2570 466 2649 potestatibus
481 2570 606 2630 subdita
621 2570 670 2646 sit,
693 2587 755 2629 non
774 2559 896 2629 tautum
911 2570 1040 2647 propter
1051 2568 1092 2628 ti-

154 2679 289 2740 morem,
306 2663 362 2723 sed
375 2669 406 2723 et
419 2666 547 2743 propter
562 2661 794 2738 conscientiam,
812 2679 1005 2740 consequens
1023 2666 1093 2721 erat

155 2760 192 2819 ut
212 2759 470 2816 mansuescerent
488 2754 656 2834 principes,
676 2773 744 2815 sese
759 2753 1012 2832 recognoscendo
1024 2759 1091 2814 tan-

156 2868 253 2930 quam
268 2848 427 2927 simplices
441 2847 496 2909 Dei
509 2847 734 2924 mandatarioS,
748 2847 855 2926 populi
866 2853 1092 2910 venerarentur

155 2942 189 3004 in
203 2941 346 3022 principe
358 2941 528 3020 imaginem
541 2940 789 3002 etministerium
798 2941 865 3017 Dei,
878 2941 1002 3019 utrique
1016 2955 1090 2999 vero

157 3035 276 3114 optime
290 3034 423 3096 scientes
438 3052 505 3095 sese
519 3035 583 3095 Deo
593 3032 625 3092 in
636 3031 722 3092 finali
731 3031 849 3111 judicio
860 3033 1013 3094 rationem
1024 3049 1091 3092 esse

157 3127 348 3189 reddituros
783 3132 785 3136 '

198 3220 251 3281 lll.
276 3220 355 3281 Aliae
368 3220 497 3282 taudem
511 3217 679 3281 relationes
693 3221 769 3278 ortae
784 3223 858 3280 sunt
876 3237 913 3278 ex
924 3217 996 3298 jure
1010 3219 1094 3298 posi-

158 3313 223 3374 tivo
247 3312 469 3375 eeclesiastico.
487 3315 564 3375 Cum
580 3311 664 3373 enim
678 3310 818 3372 Ecclesia
840 3329 897 3390 pro
917 3329 973 3373 suo
995 3315 1093 3390 syste-

159 3409 244 3466 mate
259 3405 386 3484 poenali,
407 3425 464 3485 per
474 3423 595 3486 poenas,
611 3407 846 3478 censuramaut
862 3405 1090 3485 poenitentiam,

156 3497 232 3580 jura
243 3497 353 3561 laicali
362 3499 534 3562 conditioni
548 3495 758 3578 competentia
771 3496 822 3558 val
831 3497 907 3560 inre
922 3495 1090 3574 imminuit,
