2514 4014
351 317 460 366 moron
482 317 633 364 srucmus
654 316 737 364 tuuis
760 315 913 364 canosini.
1061 305 1099 366 39

136 463 144 472 '
203 463 237 520 2⁰
265 461 300 522 In
329 461 458 522 decreta
482 459 684 520 conciliorum
708 463 774 520 tum
804 459 1007 522 rationalium
1033 465 1099 522 tum
1155 481 1159 487 ·

161 554 425 634 provincialium
442 557 473 614 et
483 552 610 613 demum

207 649 242 706 3ο
264 649 298 706 ln
309 651 427 708 statuta
441 646 629 706 dioecesana.

206 741 313 800 Potest
334 738 491 818 generalis
512 739 580 800 liaeo
604 738 760 816 synthesis
779 738 896 800 institui
920 761 926 801 :
953 740 1037 820 loges
1057 741 1099 800 f-

160 835 280 892 runtur
292 833 342 892 vel
358 851 376 892 a
391 831 521 909 siugulis
536 831 714 909 pastoribus
729 833 778 892 vel
795 851 814 892 a
833 838 993 911 pastorum
1006 833 1100 892 colle-

161 924 230 1004 gio.
248 925 279 986 Si
291 944 310 984 a
323 923 502 1003 pastoribus
516 923 657 1002 siuguliS,
678 924 728 984 vel
748 942 767 983 a
786 926 926 985 Romano
938 925 1097 1000 Pontifice,

161 1017 217 1076 vel
237 1037 256 1077 a
272 1016 375 1096 legato
390 1016 571 1094 apostolico,
585 1016 635 1076 vel
651 1016 852 1096 abepiscopo
868 1015 1020 1078 feruntur.
1035 1017 1065 1078 Si
1082 1035 1099 1075 a

162 1111 299 1188 collegio
324 1113 497 1188 pastorum,
515 1109 563 1169 vel
587 1128 606 1168 a
629 1108 759 1170 concilio
774 1109 932 1188 generale,
947 1109 996 1170 vel
1016 1129 1101 1188 asp*-

163 1203 252 1264 nodo
267 1201 461 1280 provinciali,
478 1201 528 1261 vel
543 1201 695 1280 asynodo
707 1201 898 1264 dioecesana.

190 1351 192 1353 ,
210 1295 262 1356 Sic
277 1295 429 1355 habemus
444 1294 578 1371 primam
594 1293 823 1355 distinctionem
839 1315 874 1354 ex
891 1296 1014 1358 diverso
1029 1295 1100 1356 sub-

97 1469 102 1476 ·
160 1395 250 1474 jecto
266 1387 349 1468 quod
359 1388 391 1446 in
405 1386 545 1447 Ecclesia
551 1385 603 1466 jus
614 1387 698 1448 dicit.

208 1486 261 1545 Ill.
284 1485 314 1542 2⁰
335 1479 390 1540 Eu
418 1478 529 1540 diverso
561 1478 687 1559 subjecto
716 1480 764 1540 coi
781 1481 834 1560 jos
859 1480 984 1558 dicitur,
1014 1481 1100 1560 leges

166 1597 233 1639 non
252 1572 414 1652 distinguit
424 1571 673 1652 jurisprudentia
698 1573 807 1634 civilis.
825 1576 902 1635 Cum
927 1575 1009 1633 enim
1038 1592 1100 1632 uon

165 1670 320 1750 agnoscat
333 1665 506 1744 perfectam
521 1664 702 1725 societatem
724 1664 782 1725 nisi
797 1665 828 1724 in
844 1665 990 1726 societate
1005 1684 1100 1744 geue-

166 1763 226 1825 rali
257 1778 325 1840 qua
353 1758 411 1817 sub
432 1754 580 1835 principis
603 1757 788 1820 auctoritate
811 1759 1015 1840 gubernatur,
1033 1757 1100 1818 haec

166 1859 276 1917 autem
294 1849 417 1912 nonnisi
437 1869 500 1909 una
519 1849 558 1910 sit
576 1869 633 1928 pro
658 1851 787 1930 singulis
809 1852 950 1930 statibus,
968 1851 1040 1912 hinc
1055 1853 1101 1910 est

166 1948 255 2029 quod
267 1962 365 2006 unum
384 1946 506 2003 tantum
528 1943 704 2022 subjectum
716 1944 822 2023 legum
835 1945 972 2006 civilium
988 1943 1100 2004 consti-

165 2039 239 2116 tuit,
254 2053 366 2114 nempe
382 2035 535 2112 integram
547 2035 784 2112 rempublicam.

210 2131 384 2208 Propterea
397 2127 421 2187 si
438 2146 516 2206 quos
527 2127 623 2188 habet
635 2128 712 2188 ordo
723 2129 821 2190 civilis
835 2130 1035 2209 magistratus
1046 2129 1098 2209 qui

166 2226 227 2288 sub
237 2221 378 2301 principe
389 2219 548 2281 const‘tuti
558 2221 786 2298 rempublicam
799 2223 1027 2301 administrant,
1045 2240 1099 2281 eos

167 2318 266 2379 habet
296 2318 448 2392 tanquam
470 2311 620 2391 principis
648 2313 847 2376 administros
871 2335 928 2394 pro
957 2315 1099 2376 custodia

163 2410 284 2491 jurium
309 2424 378 2487 quae
401 2404 441 2464 ad
467 2403 694 2484 rempublicam
716 2408 964 2470 conservandam
986 2411 1017 2468 et
1040 2426 1098 2485 gu-

166 2501 365 2564 bernandam
380 2498 532 2573 feruntur,
551 2515 613 2556 nou
631 2502 737 2559 autem
756 2503 906 2579 tanquam
922 2499 1098 2561 conditores

163 2595 244 2676 juris
258 2588 467 2672 particularis
483 2608 538 2650 seu
551 2589 757 2668 legislatores

209 2687 272 2750 Sed
285 2682 426 2746 Ecclesia
438 2680 603 2758 catholica,
621 2701 690 2762 quae
711 2703 780 2744 earn
802 2684 1097 2764 habetpeculiarem

168 2778 432 2851 constitutionem,
445 2777 479 2835 ut
489 2775 640 2835 resultare
653 2777 797 2839 videatur
809 2798 846 2838 ex
856 2781 902 2840 tot
916 2777 1098 2839 minusculis

167 2871 367 2934 societatibus
386 2869 418 2927 in
439 2886 495 2928 suo
519 2887 634 2946 genere
650 2870 795 2947 perfectis
809 2876 885 2952 quot
902 2875 974 2932 sunt
998 2871 1099 2931 natio·
1146 2885 1148 2888 ·

168 2986 234 3045 nes
253 2967 329 3045 quot
350 2963 422 3022 sunt
436 2959 615 3038 provincia,
633 2967 709 3041 quot
719 2967 792 3024 sunt
806 2965 967 3040 dioeceses,
983 2951 1098 3041 prater
1132 2965 1138 2970 '

165 3060 215 3140 jus
230 3056 406 3120 universale
417 3053 558 3133 agnoscit
568 3056 599 3113 et
610 3053 661 3134 jus
672 3058 841 3133 peculiare.

207 3153 379 3230 Propterea
391 3166 429 3207 ex
439 3145 562 3206 diverso
574 3146 712 3227 subjecto
725 3151 808 3228 quod
818 3150 939 3229 legibus
956 3147 1099 3210 subditur

170 3245 213 3308 ita
225 3263 278 3305 eas
297 3238 459 3318 distinguit
472 3242 508 3298 ut
520 3238 588 3298 aliae
609 3240 810 3320 universales,
828 3243 896 3303 aliie
911 3242 1095 3323 nationales2

171 3339 237 3398 aliae
261 3330 481 3415 provinciales⁷
510 3331 578 3390 aliae
606 3332 791 3396 dioecesanae
816 3336 969 3397 dicantur.
1004 3334 1099 3395 Plura

172 3431 237 3492 haeo
249 3425 407 3489 distinctio
423 3441 485 3483 non
497 3423 637 3502 requirit.

209 3525 260 3588 IV.
284 3525 315 3582 3ο
327 3517 359 3580 E
360 3537 382 3578 c
394 3515 505 3577 diverso
515 3515 625 3597 objecto
641 3517 675 3579 de
685 3540 741 3602 quo
748 3521 801 3602 jus
814 3521 1027 3595 dicz'tur‚leges
1038 3516 1097 3576 dis-
