2514 4014
166 243 205 302 52
375 255 602 303 rusrrrunonns
623 257 704 302 Jun1s
727 252 881 302 cauonrcr.

165 397 398 475 benefaciendi,
413 399 454 459 ad
476 399 639 476 illan1,cui
660 417 809 461 concessa
829 402 911 475 sunt,
928 416 1096 478 personam

165 491 384 570 restringenda
398 496 574 555 censentur.
592 494 744 554 Defuncto
761 491 916 572 siquidem
932 491 1006 567 ista,
1026 496 1096 553 tan-

165 603 261 663 quam
277 602 372 646 causa
384 588 536 663 cessante,
554 590 656 648 cessat
668 590 699 648 et
712 585 910 646 heneficium.

202 681 234 738 2⁰
255 679 354 738 Morte
372 679 545 757 ccecutocts,
564 680 690 759 quando
719 679 837 739 scilieet
861 676 1000 739 executio
1030 697 1095 739 res·

91 778 93 782 ’
163 771 251 849 cripti
281 773 448 833 commissa
480 777 527 835 est
556 773 732 848 industria,
762 771 926 838 idoneitati
959 769 1094 851 alicujus

161 883 320 942 personae3
339 885 402 944 qua
414 866 562 927 defuncta
577 870 679 927 cessat
693 867 821 926 effectus
831 864 982 943 rescripti,
995 863 1092 930 modo

162 961 266 1018 tamen
294 959 502 1020 consideratio
529 959 620 1021 dictae
642 975 785 1038 persona
801 976 895 1018 cause
917 956 1011 1018 fuerit
1034 975 1093 1034 cur

160 1051 346 1130 rescriptum
360 1071 543 1112 concessum
558 1053 607 1114 sit.
1042 1069 1044 1075 '

199 1146 230 1203 3⁰
250 1145 349 1205 Morte
365 1144 559 1222 rescribentis,
573 1163 670 1225 quum
684 1163 796 1223 nempe
815 1162 864 1204 ree
889 1143 929 1204 sit
953 1141 1088 1222 integra,

158 1236 178 1296 i.
191 1255 218 1296 e.
230 1237 333 1315 gratia
343 1237 483 1297 nondum
494 1239 577 1299 faeta
586 1238 690 1315 licerit,
701 1238 757 1298 sed
769 1237 801 1297 in
816 1237 943 1298 alterius
959 1234 1090 1296 arbitrio

158 1329 342 1406 commissa,
367 1317 417 1391 vel
446 1331 620 1410 judicium,
650 1331 675 1391 si
711 1332 749 1391 de
776 1329 934 1408 rescriptis
958 1326 1089 1409 justitiae

159 1426 290 1502 agatur,
317 1423 456 1483 nondum
482 1424 640 1487 initiatum
672 1423 775 1485 fuerit.
801 1422 908 1498 Unde,
926 1439 965 1480 ne
986 1421 1088 1481 morte

156 1515 313 1576 Pontificis
325 1517 415 1594 plura
427 1517 579 1594 rescripta
592 1517 715 1578 inutilia
729 1517 875 1592 evadant,
891 1532 990 1575 novus
1004 1514 1088 1572 Pon-

156 1608 231 1670 tifex
241 1609 415 1670 revelidare
428 1611 507 1672 solet
518 1609 781 1688 omniarescripta
795 1626 865 1688 quae
878 1607 959 1668 infra
969 1622 1087 1670 annum

158 1719 178 1761 a
192 1701 242 1762 die
257 1702 358 1762 obitus
374 1721 393 1762 a
407 1722 462 1764 suo
477 1704 708 1781 praedecessore
721 1703 785 1762 lata
799 1700 923 1762 fuerint.

182 1851 228 1902 sil.
239 1862 269 1892 nn
284 1863 443 1894 nncrsronrnus
456 1863 622 1894 rurnruonun
636 1863 809 1896 rurnuuumnn
824 1861 1057 1894 noenmrssrroenun.

196 1976 219 2034 Ι.
244 1976 277 2034 ln
290 1975 580 2053 qualibetordinata
589 1976 761 2055 republica,
771 1976 862 2054 plura
871 1975 944 2036 licet
953 1972 1082 2052 reperiri

155 2066 324 2128 tribunalia
345 2087 401 2146 pro
426 2088 642 2147 personarum,
658 2070 811 2145 locorum,
832 2088 887 2128 seu
916 2083 1081 2128 causarum

154 2160 316 2238 varietate,
333 2179 468 2240 quorum
483 2162 544 2222 alia
558 2161 626 2223 aliis
649 2165 722 2223 sunt
733 2161 845 2223 altiora
860 2163 890 2221 et
905 2159 1077 2239 superiora,

153 2252 195 2313 ita
220 2256 255 2312 ut
283 2254 323 2313 ab
347 2254 417 2314 unis
439 2256 479 2314 ad
500 2255 562 2316 alia
583 2256 675 2316 detur
701 2253 879 2333 appellatio,
909 2253 1008 2313 donec
1038 2251 1080 2311 ad

151 2365 333 2424 supremum
357 2346 497 2408 omnium
520 2348 704 2409 deveniatur
728 2347 812 2426 quod
833 2345 982 2426 principis
1007 2363 1079 2422 per-

150 2458 259 2500 sonam
272 2441 362 2518 gerit.

190 2534 279 2605 Quod
303 2533 334 2592 in
359 2533 427 2594 aliis
446 2535 540 2595 rebus
552 2534 683 2613 publicis
698 2536 851 2609 servatur,
869 2536 900 2593 et
920 2532 952 2591 in
967 2530 1076 2593 ordine

148 2626 358 2687 ecclesiastico
376 2628 481 2687 locum
496 2627 625 2688 obtinet.
639 2627 769 2688 Diversa
783 2626 866 2686 enim
880 2625 912 2685 in
937 2623 1077 2686 Ecclesia

114 2733 121 2743 ·
147 2719 349 2780 inveniuntur
382 2720 550 2781 constituta
572 2719 757 2796 tribunalia,
786 2724 936 2799 tanquam
960 2717 1074 2778 diversi

146 2810 363 2872 ecclesiastica
393 2812 555 2890 potestatis
589 2813 724 2891 graduS,
758 2811 927 2874 tribunalia
940 2869 944 2874 ,
958 2810 1076 2871 scilicet

145 2905 341 2980 dioecesana,
363 2905 577 2983 provincialia,
600 2906 780 2982 nationalia,
798 2906 897 2966 donec
912 2905 953 2964 ad
971 2904 1074 2983 ipsum

144 2997 329 3060 deveniatur
343 2999 506 3060 Summum
522 2999 715 3061 Pontificem.

183 3091 246 3152 Sed
259 3111 320 3153 non
329 3095 434 3171 posset
447 3093 605 3152 Romanus
617 3092 769 3168 Pontifex,
778 3091 962 3152 universalis
977 3091 1072 3152 eccle-

142 3183 195 3243 siae
229 3184 468 3246 sollicitudinem
499 3204 631 3264 gessae,
667 3185 856 3264 infinitisque
896 3184 1072 3262 implicatus

141 3275 285 3356 negotiis,
301 3296 404 3355 perse
426 3297 615 3358 cognoscere
644 3297 754 3340 causas
779 3297 886 3338 omnes
909 3295 978 3356 qua
1006 3275 1071 3336 sive

141 3369 172 3430 in
192 3368 293 3448 primo
309 3369 375 3430 sive
392 3370 424 3429 in
438 3371 578 3434 ulteriori
600 3371 785 3451 cognitionis
807 3371 909 3450 gradu
922 3370 964 3430 ad
979 3387 1071 3429 suum

140 3465 359 3548 proponuntur
369 3463 517 3526 tribunal.
527 3466 733 3544 Quapropter,
742 3463 908 3526 reservatis
918 3462 977 3524 sihi
988 3461 1070 3540 prin·
