2512 4012
180 247 238 310 176
352 225 356 236 ’
390 256 724 307 1usrrrurrosssrums
744 243 900 306 eruemur.

467 490 635 552 uranus
659 490 818 552 PRIMUS.

430 649 473 696 oa
508 651 622 697 srsru
657 631 989 696 ennaresn1.'

221 785 258 846 V
283 785 385 857 Quum
409 784 508 844 status
532 781 687 864 juridicus
718 780 803 843 eliud
831 796 894 840 non
919 778 960 841 sit
985 779 1044 840 nisi
1075 797 1114 840 ea

181 893 368 956 permanens
382 874 508 936 vivendi
526 874 640 936 oondit
618 878 662 936 ιιο
677 891 747 953 quae
757 872 904 952 personis
922 871 1113 952 quibusdam
1246 919 1247 938 ι

181 987 291 1049 oompe
291 969 353 1030 tit
344 989 377 1029 ru
392 967 501 1030 ordine
513 966 649 1047 juridioo
664 985 719 1027 seu
735 965 853 1043 sooiali,
872 983 934 1026 non
950 964 1041 1026 aliter
1054 982 1113 1045 po·
1118 1038 1120 1043 ,
1246 875 1247 1036 i

178 1065 239 1125 test
263 1059 465 1122 determinari
488 1077 583 1140 quam
609 1062 734 1138 respect
735 1079 756 1119 u
720 1049 886 1120 thabito
908 1057 976 1119 ed
964 1077 1039 1138 pure
1061 1058 1113 1118 vel
1246 1061 1247 1084 ³

178 1153 282 1216 officie
308 1171 378 1232 quea
405 1151 546 1232 personis
572 1155 756 1231 competunt
781 1152 912 1230 exlege
937 1151 1114 1212 seeundum

182 1263 277 1328 quam
289 1245 414 1308 illorum
428 1249 527 1307 status
537 1245 775 1307 determinatur.
792 1246 987 1324 Quapropter
999 1261 1113 1322 propo·

178 1341 255 1402 situs
269 1339 308 1400 de
330 1342 414 1402 statu
437 1338 623 1400 olerioorum
641 1338 750 1400 titulus
771 1338 854 1398 viam
874 1337 974 1416 aperit
995 1335 1112 1414 duplioi
1246 1391 1247 1420 p

181 1432 389 1495 dissertationi
406 1450 539 1512 quarum
554 1433 652 1494 altera
667 1431 707 1492 sit
720 1431 759 1492 de
773 1430 908 1510 juribus,
926 1430 1112 1492 alteruvoro
1132 1441 1136 1446 “

181 1527 221 1588 de
236 1524 345 1588 offleiis
359 1525 451 1587 statui
465 1524 600 1586 olerioali
616 1523 876 1602 oompetentihus.

440 1674 441 1678 ¹
472 1680 684 1738 olssnnrorio
704 1681 816 1738 PRIMA.

406 1849 446 1887 DE
477 1847 610 1887 JURIBUS
640 1845 856 1886 ctenlconutr.

220 1983 270 2044 Vl.
295 1981 435 2043 Gh'ristus
454 1981 604 2042 Dominus
621 1998 658 2041 eo
679 1982 742 2042 fine
768 1979 949 2041 elerioatum
977 1976 1112 2044 instituit

179 2078 214 2136 ut
228 2093 284 2153 per
298 2090 370 2134 eum
385 2073 519 2152 populus
534 2073 722 2154 christianus
732 2073 765 2133 in
779 2075 874 2134 finem
889 2075 1013 2134 aeternae
1028 2072 1109 2134 salu-

179 2169 218 2230 tis
232 2168 409 2230 duceretur.
426 2167 488 2228 Sed
503 2167 554 2228 hio
568 2166 639 2227 finis
653 2185 716 2228 nou
736 2169 859 2229 tantum
877 2165 1058 2244 requirebat
1074 2169 1110 2226 ut

178 2258 312 2338 populus
327 2257 514 2319 christianus
528 2259 561 2318 in
572 2259 645 2320 fidei
658 2258 790 2320 veritate
802 2259 852 2320 vel
867 2276 991 2320 morum
1005 2257 1109 2336 probi-

178 2355 241 2414 tate
260 2350 487 2429 contineretur,
506 2353 563 2414 sed
582 2355 614 2414 et
627 2352 727 2415 multo
744 2351 844 2430 magis
868 2354 903 2414 ut
922 2351 1109 2412 intrinsecus

178 2447 429 2506 restaurarentur
446 2445 591 2524 oollapsae
608 2448 730 2508 naturae
746 2445 828 2506 vires
841 2447 874 2506 ιιι
885 2443 959 2504 fidei
974 2447 1008 2504 et
1021 2457 1110 2504 sano-
1206 2481 1210 2491 ·

176 2536 640 2617 titatiossentproportionatae.
1183 2531 1186 2535 ’

218 2630 358 2693 Christus
372 2630 468 2709 igitur
480 2631 544 2710 qui,
562 2630 721 2692 mediante
738 2630 924 2692 olerioorum
937 2629 1107 2711 adjutorio,

179 2723 318 2787 adhune
331 2725 426 2783 finem
442 2723 591 2784 devenire
609 2723 751 2800 intendit,
768 2741 831 2784 non
844 2727 966 2784 tuntum
979 2722 1111 2786 eontulit
1239 2747 1243 2754 ·

179 2814 1019 2895 olerieatuipotestotemdirigendiexternamEoolesiae
1030 2833 1108 2878 aeoo
1200 2833 1224 2863 2

179 2905 328 2984 numiam,
340 2910 408 2967 tum
422 2907 454 2968 in
471 2909 580 2969 ordine
600 2909 641 2970 ad
654 2910 727 2970 fidei
740 2909 976 2988 professionem,
995 2913 1063 2971 tum
1076 2908 1108 2970 in

179 2999 468 3063 ordineadmorum
481 3002 736 3076 eustodiam3sed
748 3002 842 3064 etiam
853 3002 897 3064 illi
911 3003 1041 3065 eontulit
1054 3020 1109 3082 po·

178 3097 324 3157 testatem
338 3094 522 3155 oonfioiendi
542 3095 780 3158 etministrandi
794 3095 948 3175 quosdam
965 3100 1109 3158 externos

178 3187 266 3264 ritus,
284 3207 418 3268 quorum
432 3205 529 3248 saorae
546 3188 764 3268 significationi
779 3188 993 3250 senotifioaudi
1004 3189 1110 3250 effice·

178 3278 227 3340 oia
238 3283 487 3344 connecteretur.

219 3372 321 3444 Quare
336 3373 473 3434 solemus
486 3372 643 3452 duplioem
656 3372 839 3435 olerioorum
853 3373 1044 3453 distinguere
1055 3392 1110 3453 po·

178 3467 334 3542 testatem,
349 3465 481 3526 alteram
503 3483 573 3546 quae
594 3465 708 3528 dieitur
728 3465 850 3545 ordino,
868 3466 1000 3528 alteram
1013 3466 1109 3546 juru-
