<?xml version="1.0" encoding="UTF-8"?>
<!DOCTYPE html PUBLIC "-//W3C//DTD XHTML 1.0 Transitional//EN"
    "http://www.w3.org/TR/xhtml1/DTD/xhtml1-transitional.dtd">
<html xmlns="http://www.w3.org/1999/xhtml" xml:lang="en" lang="en">
 <head>
  <title>
</title>
<meta http-equiv="Content-Type" content="text/html;charset=utf-8" />
  <meta name='ocr-system' content='tesseract 3.04.00' />
  <meta name='ocr-capabilities' content='ocr_page ocr_carea ocr_par ocr_line ocrx_word'/>
</head>
<body>
  <div class='ocr_page' id='page_1' title='image "./institutionesju02marigoog_0074.png"; bbox 0 0 2514 4014; ppageno 0'>
   <div class='ocr_carea' id='block_1_1' title="bbox 333 245 1076 318">
    <p class='ocr_par' dir='ltr' id='par_1_1' title="bbox 333 245 1076 318">
     <span class='ocr_line' id='line_1_1' title="bbox 333 245 1076 318; baseline -0.003 -14"><span class='ocrx_word' id='word_1_1' title='bbox 333 257 443 304; x_wconf 75' lang='lat' dir='ltr'><strong>DOGIGA</strong></span> <span class='ocrx_word' id='word_1_2' title='bbox 464 257 615 318; x_wconf 70' lang='lat' dir='ltr'>srpcmms</span> <span class='ocrx_word' id='word_1_3' title='bbox 635 257 718 302; x_wconf 83' lang='lat' dir='ltr'>JUllIS</span> <span class='ocrx_word' id='word_1_4' title='bbox 741 254 894 303; x_wconf 67' lang='lat' dir='ltr'>cononica</span> <span class='ocrx_word' id='word_1_5' title='bbox 1039 245 1076 302; x_wconf 79' lang='grc'>67</span> 
     </span>
    </p>
   </div>
   <div class='ocr_carea' id='block_1_2' title="bbox 141 398 1077 757">
    <p class='ocr_par' dir='ltr' id='par_1_2' title="bbox 141 398 1077 666">
     <span class='ocr_line' id='line_1_2' title="bbox 141 398 1077 480; baseline -0.003 -17"><span class='ocrx_word' id='word_1_6' title='bbox 141 401 207 463; x_wconf 87' lang='lat' dir='ltr'>suis</span> <span class='ocrx_word' id='word_1_7' title='bbox 223 400 447 480; x_wconf 82' lang='lat' dir='ltr'>peculiaribus,</span> <span class='ocrx_word' id='word_1_8' title='bbox 463 400 519 460; x_wconf 86' lang='lat' dir='ltr'>sed</span> <span class='ocrx_word' id='word_1_9' title='bbox 534 400 573 460; x_wconf 88' lang='lat' dir='ltr'>da</span> <span class='ocrx_word' id='word_1_10' title='bbox 589 401 672 462; x_wconf 88' lang='lat' dir='ltr'>statu</span> <span class='ocrx_word' id='word_1_11' title='bbox 687 399 746 460; x_wconf 90' lang='lat' dir='ltr'>sibi</span> <span class='ocrx_word' id='word_1_12' title='bbox 763 399 912 479; x_wconf 74' lang='lat' dir='ltr'>subjecta</span> <span class='ocrx_word' id='word_1_13' title='bbox 923 398 1077 460; x_wconf 87' lang='lat' dir='ltr'>societatis</span> 
     </span>
     <span class='ocr_line' id='line_1_3' title="bbox 141 492 1077 574; baseline -0.005 -18"><span class='ocrx_word' id='word_1_14' title='bbox 141 494 333 574; x_wconf 78' lang='lat' dir='ltr'>disponunt,</span> <span class='ocrx_word' id='word_1_15' title='bbox 351 493 410 553; x_wconf 87' lang='lat' dir='ltr'>sub</span> <span class='ocrx_word' id='word_1_16' title='bbox 421 510 464 553; x_wconf 68' lang='lat' dir='ltr'>‘aa</span> <span class='ocrx_word' id='word_1_17' title='bbox 474 510 622 571; x_wconf 84' lang='lat' dir='ltr'>expressa</span> <span class='ocrx_word' id='word_1_18' title='bbox 633 492 794 554; x_wconf 80' lang='lat' dir='ltr'>voluntate</span> <span class='ocrx_word' id='word_1_19' title='bbox 806 495 840 553; x_wconf 91' lang='lat' dir='ltr'>ut</span> <span class='ocrx_word' id='word_1_20' title='bbox 853 493 1077 554; x_wconf 80' lang='lat' dir='ltr'>concordatum</span> 
     </span>
     <span class='ocr_line' id='line_1_4' title="bbox 141 585 842 666; baseline -0.004 -17"><span class='ocrx_word' id='word_1_21' title='bbox 141 593 294 666; x_wconf 88' lang='lat' dir='ltr'>tanquam</span> <span class='ocrx_word' id='word_1_22' title='bbox 308 587 361 646; x_wconf 85' lang='lat' dir='ltr'>lex</span> <span class='ocrx_word' id='word_1_23' title='bbox 376 586 489 646; x_wconf 90' lang='lat' dir='ltr'>debeat</span> <span class='ocrx_word' id='word_1_24' title='bbox 500 586 539 646; x_wconf 87' lang='lat' dir='ltr'>ab</span> <span class='ocrx_word' id='word_1_25' title='bbox 555 585 700 646; x_wconf 86' lang='lat' dir='ltr'>omnibus</span> <span class='ocrx_word' id='word_1_26' title='bbox 714 585 842 646; x_wconf 86' lang='lat' dir='ltr'>servari.</span> 
     </span>
    </p>

    <p class='ocr_par' dir='ltr' id='par_1_3' title="bbox 180 677 1073 757">
     <span class='ocr_line' id='line_1_5' title="bbox 180 677 1073 757; baseline -0.004 -17"><span class='ocrx_word' id='word_1_27' title='bbox 180 683 255 742; x_wconf 85' lang='lat' dir='ltr'>Haec</span> <span class='ocrx_word' id='word_1_28' title='bbox 265 678 478 757; x_wconf 87' lang='lat' dir='ltr'>promulgatio</span> <span class='ocrx_word' id='word_1_29' title='bbox 498 679 565 740; x_wconf 88' lang='lat' dir='ltr'>lita</span> <span class='ocrx_word' id='word_1_30' title='bbox 585 680 739 756; x_wconf 76' lang='lat' dir='ltr'>potestate</span> <span class='ocrx_word' id='word_1_31' title='bbox 756 677 856 750; x_wconf 90' lang='lat' dir='ltr'>civili;</span> <span class='ocrx_word' id='word_1_32' title='bbox 879 678 934 738; x_wconf 92' lang='lat' dir='ltr'>sed</span> <span class='ocrx_word' id='word_1_33' title='bbox 952 681 1073 753; x_wconf 83' lang='lat' dir='ltr'>tamen,</span> 
     </span>
    </p>
   </div>
   <div class='ocr_carea' id='block_1_3' title="bbox 14 769 1077 1035">
    <p class='ocr_par' dir='ltr' id='par_1_4' title="bbox 14 759 1077 1035">
     <span class='ocr_line' id='line_1_6' title="bbox 121 769 1077 853; baseline -0.006 -18.604"><span class='ocrx_word' id='word_1_34' title='bbox 121 784 240 853; x_wconf 85' lang='lat' dir='ltr'>&#39;quum</span> <span class='ocrx_word' id='word_1_35' title='bbox 262 791 301 832; x_wconf 83' lang='lat' dir='ltr'>ex</span> <span class='ocrx_word' id='word_1_36' title='bbox 322 770 485 850; x_wconf 88' lang='lat' dir='ltr'>utriusque</span> <span class='ocrx_word' id='word_1_37' title='bbox 500 770 693 831; x_wconf 78' lang='lat' dir='ltr'>auctoritatis</span> <span class='ocrx_word' id='word_1_38' title='bbox 712 769 917 831; x_wconf 87' lang='lat' dir='ltr'>conventione</span> <span class='ocrx_word' id='word_1_39' title='bbox 941 770 1008 831; x_wconf 81' lang='lat' dir='ltr'>baec</span> <span class='ocrx_word' id='word_1_40' title='bbox 1027 770 1077 830; x_wconf 88' lang='lat' dir='ltr'>lex</span> 
     </span>
     <span class='ocr_line' id='line_1_7' title="bbox 14 862 1076 945; baseline -0.005 -18"><span class='ocrx_word' id='word_1_41' title='bbox 14 865 15 868; x_wconf 69' lang='grc'>’</span> <span class='ocrx_word' id='word_1_42' title='bbox 140 865 296 945; x_wconf 91' lang='lat' dir='ltr'>procedat</span> <span class='ocrx_word' id='word_1_43' title='bbox 322 867 353 926; x_wconf 86' lang='lat' dir='ltr'>et</span> <span class='ocrx_word' id='word_1_44' title='bbox 374 883 430 942; x_wconf 90' lang='lat' dir='ltr'>pro</span> <span class='ocrx_word' id='word_1_45' title='bbox 459 863 543 925; x_wconf 92' lang='lat' dir='ltr'>bono</span> <span class='ocrx_word' id='word_1_46' title='bbox 570 863 727 924; x_wconf 89' lang='lat' dir='ltr'>communi</span> <span class='ocrx_word' id='word_1_47' title='bbox 752 866 818 924; x_wconf 89' lang='lat' dir='ltr'>tum</span> <span class='ocrx_word' id='word_1_48' title='bbox 840 862 986 924; x_wconf 80' lang='lat' dir='ltr'>Ecclesiae</span> <span class='ocrx_word' id='word_1_49' title='bbox 1009 867 1076 924; x_wconf 90' lang='lat' dir='ltr'>tum</span> 
     </span>
     <span class='ocr_line' id='line_1_8' title="bbox 14 955 1077 1035; baseline -0.006 -15"><span class='ocrx_word' id='word_1_50' title='bbox 14 971 15 980; x_wconf 57' lang='lat'>¹</span> <span class='ocrx_word' id='word_1_51' title='bbox 141 961 250 1020; x_wconf 88' lang='lat' dir='ltr'>Status</span> <span class='ocrx_word' id='word_1_52' title='bbox 259 957 332 1018; x_wconf 93' lang='lat' dir='ltr'>laici</span> <span class='ocrx_word' id='word_1_53' title='bbox 340 957 470 1033; x_wconf 87' lang='lat' dir='ltr'>feratur,</span> <span class='ocrx_word' id='word_1_54' title='bbox 482 959 655 1035; x_wconf 87' lang='lat' dir='ltr'>mutuoque</span> <span class='ocrx_word' id='word_1_55' title='bbox 661 956 822 1034; x_wconf 90' lang='lat' dir='ltr'>utriusque</span> <span class='ocrx_word' id='word_1_56' title='bbox 830 955 991 1034; x_wconf 87' lang='lat' dir='ltr'>potestatis</span> <span class='ocrx_word' id='word_1_57' title='bbox 1003 974 1077 1016; x_wconf 92' lang='lat' dir='ltr'>con-</span> 
     </span>
    </p>
   </div>
   <div class='ocr_carea' id='block_1_4' title="bbox 139 1047 1154 2513">
    <p class='ocr_par' dir='ltr' id='par_1_5' title="bbox 140 1047 1077 1313">
     <span class='ocr_line' id='line_1_9' title="bbox 140 1047 1077 1127; baseline -0.004 -16"><span class='ocrx_word' id='word_1_58' title='bbox 140 1069 237 1112; x_wconf 84' lang='lat' dir='ltr'>sensu</span> <span class='ocrx_word' id='word_1_59' title='bbox 251 1051 410 1124; x_wconf 84' lang='lat' dir='ltr'>firmetur,</span> <span class='ocrx_word' id='word_1_60' title='bbox 427 1048 500 1108; x_wconf 91' lang='lat' dir='ltr'>inde</span> <span class='ocrx_word' id='word_1_61' title='bbox 516 1049 662 1127; x_wconf 85' lang='lat' dir='ltr'>estquod</span> <span class='ocrx_word' id='word_1_62' title='bbox 680 1067 738 1108; x_wconf 88' lang='lat' dir='ltr'>nec</span> <span class='ocrx_word' id='word_1_63' title='bbox 753 1049 857 1127; x_wconf 89' lang='lat' dir='ltr'>prouti</span> <span class='ocrx_word' id='word_1_64' title='bbox 877 1066 963 1108; x_wconf 84' lang='lat' dir='ltr'>merc</span> <span class='ocrx_word' id='word_1_65' title='bbox 981 1047 1077 1108; x_wconf 89' lang='lat' dir='ltr'>ecclc-</span> 
     </span>
     <span class='ocr_line' id='line_1_10' title="bbox 140 1141 1075 1229; baseline -0.004 -25"><span class='ocrx_word' id='word_1_66' title='bbox 140 1143 279 1219; x_wconf 86' lang='lat' dir='ltr'>siastioa‚</span> <span class='ocrx_word' id='word_1_67' title='bbox 297 1160 356 1202; x_wconf 90' lang='lat' dir='ltr'>nec</span> <span class='ocrx_word' id='word_1_68' title='bbox 375 1141 479 1229; x_wconf 79' lang='lat' dir='ltr'>prputi</span> <span class='ocrx_word' id='word_1_69' title='bbox 498 1159 584 1202; x_wconf 87' lang='lat' dir='ltr'>mere</span> <span class='ocrx_word' id='word_1_70' title='bbox 604 1141 703 1202; x_wconf 79' lang='lat' dir='ltr'>civilis</span> <span class='ocrx_word' id='word_1_71' title='bbox 722 1142 772 1201; x_wconf 89' lang='lat' dir='ltr'>lex</span> <span class='ocrx_word' id='word_1_72' title='bbox 793 1141 935 1221; x_wconf 83' lang='lat' dir='ltr'>jubenda</span> <span class='ocrx_word' id='word_1_73' title='bbox 954 1141 1004 1218; x_wconf 88' lang='lat' dir='ltr'>sit,</span> <span class='ocrx_word' id='word_1_74' title='bbox 1021 1141 1075 1201; x_wconf 88' lang='lat' dir='ltr'>sed</span> 
     </span>
     <span class='ocr_line' id='line_1_11' title="bbox 140 1233 698 1313; baseline 0.002 -18"><span class='ocrx_word' id='word_1_75' title='bbox 140 1235 181 1297; x_wconf 92' lang='lat' dir='ltr'>de</span> <span class='ocrx_word' id='word_1_76' title='bbox 192 1233 307 1296; x_wconf 83' lang='lat' dir='ltr'>natura</span> <span class='ocrx_word' id='word_1_77' title='bbox 320 1233 484 1313; x_wconf 86' lang='lat' dir='ltr'>utriusque</span> <span class='ocrx_word' id='word_1_78' title='bbox 495 1233 698 1312; x_wconf 77' lang='lat' dir='ltr'>participans</span> 
     </span>
    </p>

    <p class='ocr_par' dir='ltr' id='par_1_6' title="bbox 139 1326 1075 1870">
     <span class='ocr_line' id='line_1_12' title="bbox 180 1326 1075 1406; baseline -0.002 -18"><span class='ocrx_word' id='word_1_79' title='bbox 180 1329 338 1406; x_wconf 84' lang='lat' dir='ltr'>Respecto</span> <span class='ocrx_word' id='word_1_80' title='bbox 351 1326 392 1387; x_wconf 90' lang='lat' dir='ltr'>ad</span> <span class='ocrx_word' id='word_1_81' title='bbox 413 1326 607 1404; x_wconf 86' lang='lat' dir='ltr'>provinciam</span> <span class='ocrx_word' id='word_1_82' title='bbox 627 1326 870 1388; x_wconf 86' lang='lat' dir='ltr'>ecclesiasticam</span> <span class='ocrx_word' id='word_1_83' title='bbox 890 1327 939 1388; x_wconf 89' lang='lat' dir='ltr'>vel</span> <span class='ocrx_word' id='word_1_84' title='bbox 959 1327 1075 1388; x_wconf 87' lang='lat' dir='ltr'>dioece-</span> 
     </span>
     <span class='ocr_line' id='line_1_13' title="bbox 139 1419 1075 1498; baseline -0.002 -17"><span class='ocrx_word' id='word_1_85' title='bbox 139 1421 200 1482; x_wconf 87' lang='lat' dir='ltr'>sim</span> <span class='ocrx_word' id='word_1_86' title='bbox 211 1438 269 1498; x_wconf 85' lang='lat' dir='ltr'>pro</span> <span class='ocrx_word' id='word_1_87' title='bbox 281 1437 346 1498; x_wconf 88' lang='lat' dir='ltr'>qua</span> <span class='ocrx_word' id='word_1_88' title='bbox 357 1419 465 1496; x_wconf 89' lang='lat' dir='ltr'>fertur,</span> <span class='ocrx_word' id='word_1_89' title='bbox 477 1423 630 1498; x_wconf 87' lang='lat' dir='ltr'>tanquam</span> <span class='ocrx_word' id='word_1_90' title='bbox 640 1419 690 1479; x_wconf 90' lang='lat' dir='ltr'>lex</span> <span class='ocrx_word' id='word_1_91' title='bbox 705 1420 915 1482; x_wconf 87' lang='lat' dir='ltr'>ecclesiastica</span> <span class='ocrx_word' id='word_1_92' title='bbox 927 1420 1075 1481; x_wconf 89' lang='lat' dir='ltr'>habenda</span> 
     </span>
     <span class='ocr_line' id='line_1_14' title="bbox 139 1512 1072 1592; baseline -0.002 -18"><span class='ocrx_word' id='word_1_93' title='bbox 139 1517 204 1586; x_wconf 90' lang='lat' dir='ltr'>est;</span> <span class='ocrx_word' id='word_1_94' title='bbox 221 1515 368 1590; x_wconf 87' lang='lat' dir='ltr'>respectu</span> <span class='ocrx_word' id='word_1_95' title='bbox 387 1515 493 1573; x_wconf 89' lang='lat' dir='ltr'>autem</span> <span class='ocrx_word' id='word_1_96' title='bbox 505 1513 546 1583; x_wconf 86' lang='lat' dir='ltr'>ad</span> <span class='ocrx_word' id='word_1_97' title='bbox 560 1530 708 1591; x_wconf 83' lang='lat' dir='ltr'>regnum,</span> <span class='ocrx_word' id='word_1_98' title='bbox 725 1516 876 1592; x_wconf 76' lang='lat' dir='ltr'>tanquam</span> <span class='ocrx_word' id='word_1_99' title='bbox 897 1513 947 1573; x_wconf 86' lang='lat' dir='ltr'>lex</span> <span class='ocrx_word' id='word_1_100' title='bbox 962 1512 1072 1573; x_wconf 91' lang='lat' dir='ltr'>civilis.</span> 
     </span>
     <span class='ocr_line' id='line_1_15' title="bbox 140 1604 1074 1684; baseline -0.004 -16"><span class='ocrx_word' id='word_1_101' title='bbox 140 1607 206 1668; x_wconf 85' lang='lat' dir='ltr'>Sub</span> <span class='ocrx_word' id='word_1_102' title='bbox 216 1606 319 1684; x_wconf 90' lang='lat' dir='ltr'>primo</span> <span class='ocrx_word' id='word_1_103' title='bbox 335 1608 490 1682; x_wconf 84' lang='lat' dir='ltr'>respectu,</span> <span class='ocrx_word' id='word_1_104' title='bbox 506 1605 679 1666; x_wconf 91' lang='lat' dir='ltr'>notandum</span> <span class='ocrx_word' id='word_1_105' title='bbox 690 1609 736 1667; x_wconf 90' lang='lat' dir='ltr'>est</span> <span class='ocrx_word' id='word_1_106' title='bbox 749 1623 797 1681; x_wconf 84' lang='lat' dir='ltr'>ea,</span> <span class='ocrx_word' id='word_1_107' title='bbox 815 1623 884 1683; x_wconf 87' lang='lat' dir='ltr'>quae</span> <span class='ocrx_word' id='word_1_108' title='bbox 901 1605 939 1665; x_wconf 90' lang='lat' dir='ltr'>de</span> <span class='ocrx_word' id='word_1_109' title='bbox 950 1604 1074 1682; x_wconf 83' lang='lat' dir='ltr'>legibus</span> 
     </span>
     <span class='ocr_line' id='line_1_16' title="bbox 139 1696 1074 1776; baseline -0.002 -18"><span class='ocrx_word' id='word_1_110' title='bbox 139 1697 358 1759; x_wconf 86' lang='lat' dir='ltr'>ecclesiasticis</span> <span class='ocrx_word' id='word_1_111' title='bbox 371 1697 611 1775; x_wconf 78' lang='lat' dir='ltr'>particularibus</span> <span class='ocrx_word' id='word_1_112' title='bbox 624 1716 720 1776; x_wconf 85' lang='lat' dir='ltr'>supra</span> <span class='ocrx_word' id='word_1_113' title='bbox 729 1696 875 1774; x_wconf 82' lang='lat' dir='ltr'>diximus,</span> <span class='ocrx_word' id='word_1_114' title='bbox 889 1697 930 1758; x_wconf 90' lang='lat' dir='ltr'>ad</span> <span class='ocrx_word' id='word_1_115' title='bbox 945 1714 1074 1758; x_wconf 90' lang='lat' dir='ltr'>concor-</span> 
     </span>
     <span class='ocr_line' id='line_1_17' title="bbox 139 1791 466 1870; baseline -0.009 -18"><span class='ocrx_word' id='word_1_116' title='bbox 139 1791 215 1860; x_wconf 87' lang='lat' dir='ltr'>data</span> <span class='ocrx_word' id='word_1_117' title='bbox 225 1794 381 1870; x_wconf 89' lang='lat' dir='ltr'>spectare.</span> <span class='ocrx_word' id='word_1_118' title='bbox 416 1849 419 1853; x_wconf 85' lang='grc'><strong>,</strong></span> <span class='ocrx_word' id='word_1_119' title='bbox 464 1824 466 1829; x_wconf 92' lang='grc'>-</span> 
     </span>
    </p>

    <p class='ocr_par' dir='ltr' id='par_1_7' title="bbox 140 1877 1154 2513">
     <span class='ocr_line' id='line_1_18' title="bbox 180 1877 1074 1961; baseline -0.002 -17"><span class='ocrx_word' id='word_1_120' title='bbox 180 1885 217 1945; x_wconf 88' lang='lat' dir='ltr'>X.</span> <span class='ocrx_word' id='word_1_121' title='bbox 239 1885 318 1945; x_wconf 86' lang='lat' dir='ltr'>Gum</span> <span class='ocrx_word' id='word_1_122' title='bbox 331 1901 394 1944; x_wconf 89' lang='lat' dir='ltr'>non</span> <span class='ocrx_word' id='word_1_123' title='bbox 409 1877 507 1961; x_wconf 79' lang='lat' dir='ltr'>possit</span> <span class='ocrx_word' id='word_1_124' title='bbox 519 1884 743 1953; x_wconf 80' lang='lat' dir='ltr'>concordatum</span> <span class='ocrx_word' id='word_1_125' title='bbox 754 1883 846 1944; x_wconf 91' lang='lat' dir='ltr'>unius</span> <span class='ocrx_word' id='word_1_126' title='bbox 862 1886 987 1945; x_wconf 89' lang='lat' dir='ltr'>tantum</span> <span class='ocrx_word' id='word_1_127' title='bbox 1002 1901 1074 1943; x_wconf 91' lang='lat' dir='ltr'>con·</span> 
     </span>
     <span class='ocr_line' id='line_1_19' title="bbox 141 1976 1154 2059; baseline -0.008 -21"><span class='ocrx_word' id='word_1_128' title='bbox 141 1976 354 2038; x_wconf 86' lang='lat' dir='ltr'>contrahentis</span> <span class='ocrx_word' id='word_1_129' title='bbox 369 1976 529 2038; x_wconf 84' lang='lat' dir='ltr'>voluntate</span> <span class='ocrx_word' id='word_1_130' title='bbox 546 1977 723 2054; x_wconf 88' lang='lat' dir='ltr'>detrectari,</span> <span class='ocrx_word' id='word_1_131' title='bbox 740 1977 812 2036; x_wconf 90' lang='lat' dir='ltr'>inde</span> <span class='ocrx_word' id='word_1_132' title='bbox 828 1977 968 2059; x_wconf 88' lang='lat' dir='ltr'>sequitur</span> <span class='ocrx_word' id='word_1_133' title='bbox 989 1977 1073 2056; x_wconf 88' lang='lat' dir='ltr'>quod</span> <span class='ocrx_word' id='word_1_134' title='bbox 1151 2025 1154 2030; x_wconf 88' lang='lat'>.</span> 
     </span>
     <span class='ocr_line' id='line_1_20' title="bbox 141 2068 1072 2149; baseline 0.001 -22"><span class='ocrx_word' id='word_1_135' title='bbox 141 2069 263 2130; x_wconf 75' lang='lat' dir='ltr'>articuli</span> <span class='ocrx_word' id='word_1_136' title='bbox 274 2068 410 2148; x_wconf 76' lang='lat' dir='ltr'>orqcuici</span> <span class='ocrx_word' id='word_1_137' title='bbox 422 2072 453 2130; x_wconf 92' lang='lat' dir='ltr'>et</span> <span class='ocrx_word' id='word_1_138' title='bbox 474 2068 536 2130; x_wconf 89' lang='lat' dir='ltr'>alia</span> <span class='ocrx_word' id='word_1_139' title='bbox 560 2069 712 2149; x_wconf 86' lang='lat' dir='ltr'>ejusmodi</span> <span class='ocrx_word' id='word_1_140' title='bbox 732 2069 849 2148; x_wconf 92' lang='lat' dir='ltr'>placita</span> <span class='ocrx_word' id='word_1_141' title='bbox 868 2088 937 2148; x_wconf 81' lang='lat' dir='ltr'>quae</span> <span class='ocrx_word' id='word_1_142' title='bbox 957 2068 1072 2130; x_wconf 86' lang='lat' dir='ltr'>acivili</span> 
     </span>
     <span class='ocr_line' id='line_1_21' title="bbox 141 2159 1073 2240; baseline -0.003 -18"><span class='ocrx_word' id='word_1_143' title='bbox 141 2161 296 2239; x_wconf 82' lang='lat' dir='ltr'>potestate</span> <span class='ocrx_word' id='word_1_144' title='bbox 315 2159 390 2220; x_wconf 89' lang='lat' dir='ltr'>ferri</span> <span class='ocrx_word' id='word_1_145' title='bbox 407 2161 521 2237; x_wconf 89' lang='lat' dir='ltr'>solent,</span> <span class='ocrx_word' id='word_1_146' title='bbox 544 2162 602 2229; x_wconf 90' lang='lat' dir='ltr'>sub</span> <span class='ocrx_word' id='word_1_147' title='bbox 626 2162 755 2224; x_wconf 91' lang='lat' dir='ltr'>obtentu</span> <span class='ocrx_word' id='word_1_148' title='bbox 779 2161 882 2240; x_wconf 86' lang='lat' dir='ltr'>ipsum</span> <span class='ocrx_word' id='word_1_149' title='bbox 901 2160 1073 2223; x_wconf 89' lang='lat' dir='ltr'>concorda-</span> 
     </span>
     <span class='ocr_line' id='line_1_22' title="bbox 140 2253 1072 2334; baseline -0.001 -21"><span class='ocrx_word' id='word_1_150' title='bbox 140 2256 206 2313; x_wconf 92' lang='lat' dir='ltr'>tum</span> <span class='ocrx_word' id='word_1_151' title='bbox 217 2253 456 2330; x_wconf 83' lang='lat' dir='ltr'>interpretandi,</span> <span class='ocrx_word' id='word_1_152' title='bbox 481 2254 609 2314; x_wconf 89' lang='lat' dir='ltr'>minime</span> <span class='ocrx_word' id='word_1_153' title='bbox 624 2258 754 2332; x_wconf 89' lang='lat' dir='ltr'>possunt</span> <span class='ocrx_word' id='word_1_154' title='bbox 766 2257 917 2333; x_wconf 86' lang='lat' dir='ltr'>tanquam</span> <span class='ocrx_word' id='word_1_155' title='bbox 929 2253 1072 2334; x_wconf 86' lang='lat' dir='ltr'>ejusdem</span> 
     </span>
     <span class='ocr_line' id='line_1_23' title="bbox 142 2344 1072 2426; baseline 0.002 -22"><span class='ocrx_word' id='word_1_156' title='bbox 142 2344 357 2424; x_wconf 79' lang='lat' dir='ltr'>interpretatio</span> <span class='ocrx_word' id='word_1_157' title='bbox 372 2345 499 2419; x_wconf 87' lang='lat' dir='ltr'>haberi;</span> <span class='ocrx_word' id='word_1_158' title='bbox 520 2346 594 2426; x_wconf 86' lang='lat' dir='ltr'>quia</span> <span class='ocrx_word' id='word_1_159' title='bbox 606 2347 781 2425; x_wconf 90' lang='lat' dir='ltr'>procedunt</span> <span class='ocrx_word' id='word_1_160' title='bbox 797 2348 837 2408; x_wconf 85' lang='lat' dir='ltr'>ab</span> <span class='ocrx_word' id='word_1_161' title='bbox 857 2347 948 2408; x_wconf 88' lang='lat' dir='ltr'>unius</span> <span class='ocrx_word' id='word_1_162' title='bbox 967 2349 1072 2408; x_wconf 90' lang='lat' dir='ltr'>aucto-</span> 
     </span>
     <span class='ocr_line' id='line_1_24' title="bbox 142 2438 629 2513; baseline -0.002 -12"><span class='ocrx_word' id='word_1_163' title='bbox 142 2438 232 2501; x_wconf 87' lang='lat' dir='ltr'>ritate</span> <span class='ocrx_word' id='word_1_164' title='bbox 242 2438 310 2500; x_wconf 90' lang='lat' dir='ltr'>sine</span> <span class='ocrx_word' id='word_1_165' title='bbox 326 2456 479 2513; x_wconf 84' lang='lat' dir='ltr'>consensu</span> <span class='ocrx_word' id='word_1_166' title='bbox 493 2439 629 2501; x_wconf 81' lang='lat' dir='ltr'>alterius</span> 
     </span>
    </p>
   </div>
   <div class='ocr_carea' id='block_1_5' title="bbox 511 2602 698 2663">
    <p class='ocr_par' dir='ltr' id='par_1_8' title="bbox 511 2602 698 2663">
     <span class='ocr_line' id='line_1_25' title="bbox 511 2602 698 2663; baseline -0.011 -1"><span class='ocrx_word' id='word_1_167' title='bbox 511 2602 640 2662; x_wconf 79' lang='lat' dir='ltr'><strong>CAPUT</strong></span> <span class='ocrx_word' id='word_1_168' title='bbox 662 2603 698 2663; x_wconf 79' lang='lat' dir='ltr'>V.</span> 
     </span>
    </p>
   </div>
   <div class='ocr_carea' id='block_1_6' title="bbox 242 2749 970 2814">
    <p class='ocr_par' dir='ltr' id='par_1_9' title="bbox 242 2749 970 2814">
     <span class='ocr_line' id='line_1_26' title="bbox 242 2749 970 2814; baseline 0.004 -3"><span class='ocrx_word' id='word_1_169' title='bbox 242 2768 281 2811; x_wconf 81' lang='lat' dir='ltr'>DE</span> <span class='ocrx_word' id='word_1_170' title='bbox 308 2765 408 2812; x_wconf 80' lang='lat' dir='ltr'><strong>LEGUM</strong></span> <span class='ocrx_word' id='word_1_171' title='bbox 430 2765 726 2812; x_wconf 81' lang='lat' dir='ltr'>ECCLESIASTIGARUM</span> <span class='ocrx_word' id='word_1_172' title='bbox 748 2749 970 2814; x_wconf 72' lang='lat' dir='ltr'>unvocnslortn.</span> 
     </span>
    </p>
   </div>
   <div class='ocr_carea' id='block_1_7' title="bbox 143 2900 1072 3542">
    <p class='ocr_par' dir='ltr' id='par_1_10' title="bbox 143 2900 1072 3442">
     <span class='ocr_line' id='line_1_27' title="bbox 181 2900 1072 2980; baseline 0.004 -20"><span class='ocrx_word' id='word_1_173' title='bbox 181 2902 204 2961; x_wconf 92' lang='lat' dir='ltr'>l.</span> <span class='ocrx_word' id='word_1_174' title='bbox 221 2900 484 2980; x_wconf 82' lang='lat' dir='ltr'>Quandoquidem</span> <span class='ocrx_word' id='word_1_175' title='bbox 499 2902 674 2963; x_wconf 86' lang='lat' dir='ltr'>constantia</span> <span class='ocrx_word' id='word_1_176' title='bbox 686 2905 733 2964; x_wconf 89' lang='lat' dir='ltr'>est</span> <span class='ocrx_word' id='word_1_177' title='bbox 745 2921 842 2964; x_wconf 91' lang='lat' dir='ltr'>unum</span> <span class='ocrx_word' id='word_1_178' title='bbox 853 2903 891 2962; x_wconf 90' lang='lat' dir='ltr'>de</span> <span class='ocrx_word' id='word_1_179' title='bbox 905 2901 1072 2980; x_wconf 77' lang='lat' dir='ltr'>praecipuis</span> 
     </span>
     <span class='ocr_line' id='line_1_28' title="bbox 144 2992 1071 3072; baseline 0.002 -20"><span class='ocrx_word' id='word_1_180' title='bbox 144 2992 300 3054; x_wconf 87' lang='lat' dir='ltr'>attributis</span> <span class='ocrx_word' id='word_1_181' title='bbox 314 2993 432 3072; x_wconf 70' lang='lat' dir='ltr'>legum·</span> <span class='ocrx_word' id='word_1_182' title='bbox 443 2995 540 3055; x_wconf 85' lang='lat' dir='ltr'>semel</span> <span class='ocrx_word' id='word_1_183' title='bbox 552 3013 588 3055; x_wconf 91' lang='lat' dir='ltr'>ac</span> <span class='ocrx_word' id='word_1_184' title='bbox 598 2995 648 3054; x_wconf 85' lang='lat' dir='ltr'>lex</span> <span class='ocrx_word' id='word_1_185' title='bbox 658 2995 743 3057; x_wconf 88' lang='lat' dir='ltr'>edita</span> <span class='ocrx_word' id='word_1_186' title='bbox 752 2995 846 3057; x_wconf 81' lang='lat' dir='ltr'>luerit</span> <span class='ocrx_word' id='word_1_187' title='bbox 856 2995 1071 3056; x_wconf 87' lang='lat' dir='ltr'>communitati</span> 
     </span>
     <span class='ocr_line' id='line_1_29' title="bbox 145 3085 1071 3168; baseline 0.005 -24"><span class='ocrx_word' id='word_1_188' title='bbox 145 3085 334 3146; x_wconf 86' lang='lat' dir='ltr'>sufficienter</span> <span class='ocrx_word' id='word_1_189' title='bbox 354 3087 561 3164; x_wconf 83' lang='lat' dir='ltr'>manifestata,</span> <span class='ocrx_word' id='word_1_190' title='bbox 587 3087 653 3168; x_wconf 87' lang='lat' dir='ltr'>ejus</span> <span class='ocrx_word' id='word_1_191' title='bbox 668 3089 816 3168; x_wconf 80' lang='lat' dir='ltr'>obligatio</span> <span class='ocrx_word' id='word_1_192' title='bbox 831 3091 984 3168; x_wconf 87' lang='lat' dir='ltr'>perpetua</span> <span class='ocrx_word' id='word_1_193' title='bbox 1003 3106 1071 3166; x_wconf 88' lang='lat' dir='ltr'>per-</span> 
     </span>
     <span class='ocr_line' id='line_1_30' title="bbox 143 3179 1070 3260; baseline 0.006 -22"><span class='ocrx_word' id='word_1_194' title='bbox 143 3182 275 3240; x_wconf 87' lang='lat' dir='ltr'>severat.</span> <span class='ocrx_word' id='word_1_195' title='bbox 294 3179 371 3256; x_wconf 85' lang='lat' dir='ltr'>Hoc,</span> <span class='ocrx_word' id='word_1_196' title='bbox 390 3181 474 3258; x_wconf 85' lang='lat' dir='ltr'>quod</span> <span class='ocrx_word' id='word_1_197' title='bbox 490 3181 528 3240; x_wconf 89' lang='lat' dir='ltr'>de</span> <span class='ocrx_word' id='word_1_198' title='bbox 544 3181 688 3242; x_wconf 86' lang='lat' dir='ltr'>bmnibus</span> <span class='ocrx_word' id='word_1_199' title='bbox 703 3182 824 3260; x_wconf 85' lang='lat' dir='ltr'>legibus</span> <span class='ocrx_word' id='word_1_200' title='bbox 844 3181 967 3259; x_wconf 87' lang='lat' dir='ltr'>dicitur,</span> <span class='ocrx_word' id='word_1_201' title='bbox 984 3184 1015 3244; x_wconf 91' lang='lat' dir='ltr'>et</span> <span class='ocrx_word' id='word_1_202' title='bbox 1029 3181 1070 3244; x_wconf 90' lang='lat' dir='ltr'>lc-</span> 
     </span>
     <span class='ocr_line' id='line_1_31' title="bbox 144 3271 1068 3358; baseline 0.008 -27"><span class='ocrx_word' id='word_1_203' title='bbox 144 3271 233 3350; x_wconf 81' lang='lat' dir='ltr'>gibus</span> <span class='ocrx_word' id='word_1_204' title='bbox 246 3272 361 3332; x_wconf 86' lang='lat' dir='ltr'>nostris</span> <span class='ocrx_word' id='word_1_205' title='bbox 372 3273 531 3352; x_wconf 88' lang='lat' dir='ltr'>competit,</span> <span class='ocrx_word' id='word_1_206' title='bbox 546 3277 579 3335; x_wconf 88' lang='lat' dir='ltr'>et</span> <span class='ocrx_word' id='word_1_207' title='bbox 588 3273 663 3353; x_wconf 87' lang='lat' dir='ltr'>ipsae</span> <span class='ocrx_word' id='word_1_208' title='bbox 675 3293 712 3336; x_wconf 87' lang='lat' dir='ltr'>eo</span> <span class='ocrx_word' id='word_1_209' title='bbox 723 3275 790 3354; x_wconf 87' lang='lat' dir='ltr'>ipso</span> <span class='ocrx_word' id='word_1_210' title='bbox 802 3276 887 3356; x_wconf 90' lang='lat' dir='ltr'>quod</span> <span class='ocrx_word' id='word_1_211' title='bbox 896 3274 962 3346; x_wconf 84' lang='lat' dir='ltr'>¹sint</span> <span class='ocrx_word' id='word_1_212' title='bbox 972 3276 1068 3358; x_wconf 61' lang='lat' dir='ltr'>leges</span> 
     </span>
     <span class='ocr_line' id='line_1_32' title="bbox 145 3367 638 3442; baseline 0.01 -18"><span class='ocrx_word' id='word_1_213' title='bbox 145 3367 304 3442; x_wconf 85' lang='lat' dir='ltr'>perpetuae</span> <span class='ocrx_word' id='word_1_214' title='bbox 319 3368 351 3426; x_wconf 87' lang='lat' dir='ltr'>et</span> <span class='ocrx_word' id='word_1_215' title='bbox 364 3367 542 3428; x_wconf 84' lang='lat' dir='ltr'>constantes</span> <span class='ocrx_word' id='word_1_216' title='bbox 557 3370 638 3429; x_wconf 88' lang='lat' dir='ltr'>sunt.</span> 
     </span>
    </p>

    <p class='ocr_par' dir='ltr' id='par_1_11' title="bbox 184 3457 1069 3542">
     <span class='ocr_line' id='line_1_33' title="bbox 184 3457 1069 3542; baseline 0.002 -22"><span class='ocrx_word' id='word_1_217' title='bbox 184 3457 247 3520; x_wconf 84' lang='lat' dir='ltr'>Sed</span> <span class='ocrx_word' id='word_1_218' title='bbox 262 3475 318 3536; x_wconf 87' lang='lat' dir='ltr'>pro</span> <span class='ocrx_word' id='word_1_219' title='bbox 334 3458 424 3524; x_wconf 86' lang='lat' dir='ltr'>varia</span> <span class='ocrx_word' id='word_1_220' title='bbox 437 3458 539 3539; x_wconf 86' lang='lat' dir='ltr'>specie</span> <span class='ocrx_word' id='word_1_221' title='bbox 564 3461 670 3542; x_wconf 81' lang='lat' dir='ltr'>legum</span> <span class='ocrx_word' id='word_1_222' title='bbox 689 3460 969 3528; x_wconf 83' lang='lat' dir='ltr'>ecclesiasticarum</span> <span class='ocrx_word' id='word_1_223' title='bbox 983 3462 1069 3524; x_wconf 87' lang='lat' dir='ltr'>vario</span> 
     </span>
    </p>
   </div>
   <div class='ocr_carea' id='block_1_8' title="bbox 0 0 1262 4014">
    <p class='ocr_par' dir='ltr' id='par_1_12' title="bbox 0 0 1262 4014">
     <span class='ocr_line' id='line_1_34' title="bbox 0 0 1262 4014; baseline 0 0"><span class='ocrx_word' id='word_1_224' title='bbox 0 0 1262 4014; x_wconf 95' lang='lat' dir='ltr'> </span> 
     </span>
    </p>
   </div>
  </div>
 </body>
</html>
