2512 4012
127 293 128 296 ,
164 252 221 312 tlt
372 262 599 310 rusurrurrouss
620 263 703 309 rums
725 261 880 308 curemur.

165 425 260 469 causa
274 405 332 467 nisi
349 409 383 467 ut
393 407 556 466 servarent
568 401 715 484 pacificas
726 403 894 465 relationes
905 404 986 465 inter
996 421 1101 464 sacer-

165 500 285 562 dotium
312 502 343 560 et
365 498 542 578 imperium.
568 499 691 558 Nullam
714 501 820 558 tamen
845 497 1042 576 explicabant
1066 497 1102 556 in

164 595 232 653 loco
248 609 312 652 suae
326 591 492 671 legationis
512 590 761 670 jurisdictionem
781 591 1037 663 ecclesiasticam
1057 590 1103 650 si-

166 684 292 764 quidem
310 685 369 744 hac
391 683 422 744 iu
441 689 529 763 parte
552 683 776 762 providebatur
797 702 855 762 per
872 684 1104 744 institutionem

166 777 298 838 realium
330 777 518 857 dignitatum
555 775 875 854 supraepiscopalium
898 795 1040 836 necnon
1069 779 1105 836 et

165 872 341 949 legatorum
355 874 511 930 natorum.
524 869 661 946 Ideoque
674 867 705 928 vi
721 868 880 946 primaevae
896 887 960 930 suae
975 868 1105 930 institu-

166 963 260 1024 tionis
275 963 378 1041 potius
394 961 569 1041 comparari
595 964 742 1039 poterant
762 961 912 1022 ministris
927 980 981 1022 seu
996 965 1105 1022 orato-

166 1055 253 1116 ribus
267 1059 446 1116 exterorum
461 1072 632 1133 regnorum
647 1071 742 1131 quam
768 1052 898 1114 internis
911 1055 1105 1133 gubernato-

166 1149 263 1208 ribus.

206 1240 326 1301 Saeculo
337 1257 411 1299 vero
425 1241 489 1316 lX⁰,
498 1241 557 1300 sub
570 1239 748 1300 Alexandro
760 1238 827 1316 111⁰,
839 1257 911 1300 cum
920 1243 1106 1317 temporum

167 1332 1104 1412 illorumcircumstantiaspecialesrequirebantlegationeS,

166 1445 224 1486 nec
252 1443 308 1504 per
332 1426 506 1505 simplicem
531 1425 760 1486 institutionem
789 1425 915 1485 illorum
943 1425 1107 1504 graduum

166 1518 242 1579 reali
262 1518 439 1580 auctoritati
465 1518 729 1597 supraepiscopali
755 1517 830 1579 satis
851 1517 1010 1595 provisum
1031 1535 1106 1578 esse

167 1612 337 1688 videretur,
355 1612 450 1690 coepit
475 1609 655 1690 hujusmodi
670 1609 878 1689 apocrisiariis
894 1610 998 1689 aliqua
1011 1612 1107 1670 extra

169 1704 312 1765 ordinem
337 1704 512 1784 jurisdictio
541 1702 822 1782 supraepiscopalis
849 1703 989 1781 gerenda
1014 1721 1106 1764 com-

168 1797 248 1858 mitti
257 1797 289 1858 in
298 1798 367 1858 loco
381 1816 445 1860 suae
455 1797 630 1876 legationis,
646 1815 703 1857 nec
716 1815 778 1857 non
788 1795 840 1856 alii
852 1795 932 1856 mitti
941 1801 1112 1874 coeperunt

169 1889 263 1968 hujus
276 1889 441 1969 legationis
457 1908 586 1950 munere
602 1889 750 1968 insigniti.
846 1913 851 1933 ν

209 1983 287 2043 Gum
302 1983 351 2042 ha
367 1982 539 2061 legationes
555 2000 624 2061 quae
641 1986 729 2043 extra
744 1981 886 2042 ordinem
908 1980 976 2040 lieri
998 1998 1108 2058 ooepe-

169 2075 250 2151 runt,
274 2073 469 2134 continerent
483 2073 691 2152 amplissimas
700 2074 873 2149 facultates,
887 2072 1046 2135 obscurari
1062 2074 1108 2134 ab

169 2167 213 2227 eis
239 2167 307 2228 visa
328 2171 376 2228 est
402 2167 537 2246 dignitas
560 2171 746 2228 caeterorum
771 2167 962 2246 legatorum;
989 2166 1107 2226 deinde

169 2259 368 2336 multiplicari
384 2264 558 2338 coeperunt,
572 2260 699 2320 demum
713 2260 744 2319 in
756 2259 947 2320 ordinariam
966 2258 1107 2319 transire

165 2351 427 2432 jurisdictionem.
459 2353 548 2415 Unde
572 2371 643 2414 sac.
672 2355 739 2415 XV⁰
758 2352 935 2431 legatorum
955 2354 1107 2412 natorum

170 2443 306 2525 dignitas
319 2446 427 2508 titulus
439 2447 523 2508 fecta
534 2450 582 2508 est
593 2447 658 2508 sine
674 2465 723 2524 re,
741 2450 773 2507 et
782 2445 826 2505 illi
839 2445 987 2505 successit
1001 2444 1108 2524 digni-

172 2543 217 2600 tas
232 2540 405 2617 personalis
418 2541 593 2618 legatorum
607 2539 785 2600 missorum.

211 2634 308 2693 Porro
321 2633 354 2693 in
374 2634 433 2694 hoc
448 2651 554 2692 rerum
569 2636 662 2709 statu,
680 2633 804 2711 quando
818 2631 997 2712 hujusmodi
1014 2649 1106 2692 novae

169 2725 342 2804 legationes
353 2726 420 2785 fieri
437 2730 611 2803 coeperunt,
623 2724 725 2785 visum
738 2725 878 2803 estquod
894 2726 925 2786 S.
938 2727 973 2786 ll.
987 2727 1023 2786 R.
1038 2743 1105 2784 car-

170 2817 290 2877 dinales
306 2817 472 2896 (siquidem
486 2817 546 2877 illis
561 2818 620 2878 hoo
631 2819 884 2882 committebatur
898 2816 1023 2896 munus)
1038 2835 1106 2877 ma·

167 2909 229 2990 jori
245 2908 331 2988 digni
347 2912 450 2971 esseut
464 2911 583 2972 honore
591 2910 825 2990 majoribusque
835 2911 1107 2988 locupletarentur

170 3001 381 3076 facultatibus
399 3001 514 3080 quippe
530 3021 626 3082 quum
640 3003 683 3062 illi
698 3022 797 3063 unum
811 3021 924 3080 corpus
935 3002 1104 3063 conficiant

171 3112 243 3155 cum
268 3096 409 3154 Romano
434 3094 582 3154 Pontifice
606 3097 652 3175 (ut
667 3095 800 3156 habetur
813 3114 878 3175 cup.
899 3094 989 3178 lide
1009 3082 1107 3173 'cffia'o

171 3185 263 3265 legati
280 3186 311 3245 io
332 3185 479 3266 V10),visi
499 3191 571 3248 sunt
585 3188 755 3267 proximius
777 3207 814 3249 ac
833 3178 970 3266 pressius
989 3205 1108 3264 reprae-

171 3277 287 3338 sentari
311 3295 402 3357 possa
427 3297 595 3358 personam
623 3280 790 3342 Pontificis.
812 3283 987 3359 Eapropter
1007 3283 1043 3340 ut
1064 3279 1106 3340 ab

171 3368 240 3431 aliis
262 3370 547 3451 distinguerentur,
569 3374 644 3435 dicti
664 3377 736 3434 sunt
754 3373 846 3453 lopati
864 3393 883 3432 o
898 3373 989 3434 latere
1002 3370 1103 3452 (quasi

173 3463 212 3522 de
235 3463 333 3526 latera
355 3465 513 3526 Pontificis
535 3465 632 3543 missi)
651 3465 871 3544 et1naj0ribus
898 3463 1103 3543 praecaeteris
