2546 4016
343 285 450 334 roens
471 285 624 332 srucuns
644 285 727 332 ronrs
749 263 931 334 cunonicn'
1032 271 1087 334 Μ

153 449 258 493 novus
267 429 409 491 Pontifex
421 429 489 508 ipso
500 428 777 509 assumptionisdie
788 447 841 490 ees
850 428 930 491 solet
938 428 1088 491 innovare

155 522 494 585 etconllrmare.Unde
503 520 788 601 solentoomparari
796 521 896 583 edicto
905 521 1048 600 praetoris
1056 521 1089 582 in

150 617 226 698 jure
238 634 389 692 romano,
406 614 495 695 cujus
505 615 552 676 vis
569 616 652 677 ultra
670 633 788 676 annum
801 633 864 676 non
880 615 1086 694 perdurebet;

153 711 212 772 sed
236 709 449 788 unusquisque
472 711 627 788 praetora
651 709 701 768 die
717 727 782 769 suae
797 711 943 786 praeturae
967 709 1089 770 solebat

154 803 296 865 edictum
308 802 469 864 innovare.

194 897 248 956 lX.
264 895 396 956 Materia
410 894 504 974 hujus
514 894 704 957 collectionis
719 893 846 973 respicit
861 894 965 955 officia
979 912 1089 956 eorum

155 989 210 1069 qui
225 983 357 1048 incuria
371 987 487 1049 addicti
504 991 577 1048 sunt
594 987 627 1047 in
651 987 760 1048 ordine
777 987 969 1068 judiciorum
989 987 1089 1067 quiin

154 1080 346 1144 cancellaria
367 1081 588 1158 absolvuntur,
607 1099 664 1141 neo
676 1099 739 1142 non
753 1081 887 1143 innuunt
901 1079 1090 1141 reservatio-

155 1194 212 1235 nes
228 1173 402 1254 pontificias
415 1173 590 1253 praesertim
609 1174 641 1234 in
656 1191 752 1235 cause
764 1174 1001 1236 beneficiorum.
1018 1175 1089 1236 Jam

156 1287 233 1330 vero
248 1285 321 1327 cum
340 1266 408 1327 haec
427 1266 578 1344 materie,
598 1285 711 1346 nempe
729 1266 931 1344 beneficialis,
956 1267 1027 1328 talis
1049 1265 1090 1328 sit

159 1379 231 1441 quae
255 1359 372 1421 afficiat
395 1360 576 1420 universam
600 1359 797 1439 disciplinam
824 1359 1087 1436 ecelesiasticam,

157 1455 190 1514 in
204 1453 402 1514 conferendis
417 1453 593 1530 beneficiis,
611 1456 763 1514 eamente
775 1453 904 1515 fuerunt
913 1453 975 1514 iuae
988 1472 1090 1514 reser-

159 1547 301 1608 vationes
326 1546 492 1628 publioatae
517 1549 551 1608 ut
579 1547 663 1625 apud
690 1565 799 1608 omnes
817 1545 1033 1622 innotescant,
1060 1549 1090 1608 et

160 1641 300 1700 habeant
330 1637 394 1700 vim
417 1639 498 1717 juris
525 1639 714 1715 communis;
736 1643 844 1701 tamen
864 1638 998 1714 deiude,
1016 1655 1090 1700 con-

160 1732 297 1794 cordetis
315 1731 398 1792 initis
413 1732 494 1793 inter
518 1732 701 1794 Pontificem
713 1733 795 1794 Max.
814 1734 845 1792 et
859 1729 1017 1810 principes
1032 1749 1091 1792 sae-

157 1825 231 1902 culi,
248 1826 362 1886 harum
378 1826 559 1904 regularum
573 1825 620 1886 vis
635 1845 691 1905 pro
714 1825 808 1886 variis
828 1824 905 1886 loeis
923 1823 1010 1885 varie
1032 1823 1092 1884 fuit

159 1917 341 1980 modificato
353 1922 384 1978 et
397 1917 511 1979 alicubi
526 1918 621 1979 etiarn
636 1917 781 1980 extincta.

201 2013 371 2091 Postquam
394 2011 574 2091 hujusmodi
597 2014 765 2073 tractatum
795 2012 833 2072 de
857 2009 1091 2073 collectionibus

157 2104 238 2185 juris
269 2103 411 2164 canonici
436 2105 687 2182 absolverimus,
712 2104 839 2165 unicum
869 2102 971 2165 restat
988 2103 1092 2164 adbuc

160 2197 333 2258 videndum
353 2200 521 2276 antequam
544 2197 584 2257 ad
612 2197 706 2258 aliam
724 2200 848 2275 partem
875 2197 1089 2258 accedamus:

160 2289 297 2350 vidimus
306 2289 565 2368 enimseparatim
580 2290 684 2352 varias
699 2291 897 2352 collectiones
904 2289 985 2370 juris
1000 2307 1092 2350 cano·

161 2383 223 2443 uici
257 2384 362 2462 quoad
385 2401 495 2444 earum
519 2383 759 2460 aestimationem
795 2386 831 2444 et·
849 2381 1090 2456 auctoritatem

162 2476 220 2537 sed
233 2476 374 2538 nondum
386 2476 606 2554 proposuimus
618 2476 765 2537 volumen
780 2474 856 2534 illud
878 2474 1096 2536 collectionum

164 2588 226 2649 quo
251 2569 294 2630 uti
316 2569 472 2646 solemus,
490 2573 560 2630 tum
581 2569 613 2629 in
637 2567 784 2648 judiciis,
810 2571 878 2629 tum
903 2567 935 2628 in
959 2567 1093 2644 sobolis,

164 2681 278 2741 nempe
293 2681 370 2741 opus
385 2661 470 2741 quod
485 2661 617 2724 dicitur:
637 2660 750 2742 Corpus
752 2659 836 2741 juris
850 2659 991 2736 cononici,
1011 2659 1096 2738 quod

164 2755 267 2816 varius
282 2755 409 2816 exbibet
423 2754 621 2820 collectiones
637 2774 695 2816 usu
711 2754 762 2816 vel
777 2754 956 2815 scholarum
974 2752 1025 2814 vel
1043 2751 1096 2833 ju-

165 2848 319 2910 diciorum
342 2851 495 2927 receptas.
521 2848 604 2927 Ergo
624 2851 767 2910 remanet
789 2852 824 2910 ut
847 2848 886 2909 de
906 2847 962 2909 illo
983 2865 1095 2909 monu-

167 2944 271 3002 mento
287 2941 482 3020 eloquamur.

525 3047 655 3108 GAPU'l‘
680 3050 730 3109 IV.

395 3183 434 3226 ou
457 3181 589 3228 consono
610 3183 692 3228 euers
714 3182 869 3229 csuourcr.

269 3299 279 3352 S
295 3300 311 3342 l.
326 3307 441 3340 reustum
455 3309 485 3340 ΕΤ
499 3307 647 3340 suesorum
660 3309 772 3341 CORPORIS
786 3309 853 3340 «lulla
866 3308 990 3342 CAROMGI.

206 3405 229 3465 1.
244 3405 291 3464 Ex
306 3403 452 3482 analogia
467 3421 537 3482 quae
549 3403 631 3463 inter
645 3403 806 3484 utriusque
818 3403 897 3484 juris
918 3405 1097 3484 disciplinas

168 3495 336 3560 subsistere
350 3495 554 3576 dignoscitur,
569 3499 638 3558 orta
653 3499 699 3561 est
717 3498 852 3578 analoga
865 3498 990 3578 partitio
1011 3497 1097 3559 codi-
