<?xml version="1.0" encoding="UTF-8"?>
<!DOCTYPE html PUBLIC "-//W3C//DTD XHTML 1.0 Transitional//EN"
    "http://www.w3.org/TR/xhtml1/DTD/xhtml1-transitional.dtd">
<html xmlns="http://www.w3.org/1999/xhtml" xml:lang="en" lang="en">
 <head>
  <title>
</title>
<meta http-equiv="Content-Type" content="text/html;charset=utf-8" />
  <meta name='ocr-system' content='tesseract 3.04.00' />
  <meta name='ocr-capabilities' content='ocr_page ocr_carea ocr_par ocr_line ocrx_word'/>
</head>
<body>
  <div class='ocr_page' id='page_1' title='image "./institutionesju02marigoog_0170.png"; bbox 0 0 2546 4016; ppageno 0'>
   <div class='ocr_carea' id='block_1_1' title="bbox 342 253 1103 490">
    <p class='ocr_par' dir='ltr' id='par_1_1' title="bbox 342 253 1103 490">
     <span class='ocr_line' id='line_1_1' title="bbox 342 253 1103 318; baseline 0.011 -8"><span class='ocrx_word' id='word_1_1' title='bbox 342 260 450 310; x_wconf 75' lang='lat' dir='ltr'><strong>mune</strong></span> <span class='ocrx_word' id='word_1_2' title='bbox 470 259 626 310; x_wconf 72' lang='lat' dir='ltr'><strong>serenus</strong></span> <span class='ocrx_word' id='word_1_3' title='bbox 644 260 729 312; x_wconf 79' lang='lat' dir='ltr'><strong>soris</strong></span> <span class='ocrx_word' id='word_1_4' title='bbox 748 259 905 314; x_wconf 67' lang='lat' dir='ltr'><strong>mooun</strong></span> <span class='ocrx_word' id='word_1_5' title='bbox 1044 253 1103 318; x_wconf 71' lang='lat' dir='ltr'><strong>res</strong></span> 
     </span>
     <span class='ocr_line' id='line_1_2' title="bbox 350 440 922 490; baseline 0.009 -13"><span class='ocrx_word' id='word_1_6' title='bbox 350 443 368 478; x_wconf 93' lang='grc' dir='ltr'><strong>ι.</strong></span> <span class='ocrx_word' id='word_1_7' title='bbox 378 441 474 488; x_wconf 62' lang='grc' dir='ltr'><strong>κομι.</strong></span> <span class='ocrx_word' id='word_1_8' title='bbox 482 440 599 489; x_wconf 60' lang='grc' dir='ltr'><strong>,ηιμ</strong></span> <span class='ocrx_word' id='word_1_9' title='bbox 607 442 633 478; x_wconf 78' lang='lat' dir='ltr'><strong>s.</strong></span> <span class='ocrx_word' id='word_1_10' title='bbox 645 441 805 480; x_wconf 61' lang='lat' dir='ltr'><strong>umen·-</strong></span> <span class='ocrx_word' id='word_1_11' title='bbox 813 443 922 490; x_wconf 60' lang='grc' dir='ltr'><strong>ιιαμ</strong></span> 
     </span>
    </p>
   </div>
   <div class='ocr_carea' id='block_1_2' title="bbox 162 580 1179 2728">
    <p class='ocr_par' dir='ltr' id='par_1_2' title="bbox 162 580 1102 1605">
     <span class='ocr_line' id='line_1_3' title="bbox 204 580 1102 669; baseline -0.002 -23"><span class='ocrx_word' id='word_1_12' title='bbox 204 586 236 646; x_wconf 79' lang='lat' dir='ltr'><strong>i·</strong></span> <span class='ocrx_word' id='word_1_13' title='bbox 258 580 361 644; x_wconf 80' lang='lat' dir='ltr'><strong>Ornois</strong></span> <span class='ocrx_word' id='word_1_14' title='bbox 373 599 431 669; x_wconf 80' lang='lat' dir='ltr'><strong>res,</strong></span> <span class='ocrx_word' id='word_1_15' title='bbox 447 598 506 660; x_wconf 82' lang='lat' dir='ltr'><strong>per</strong></span> <span class='ocrx_word' id='word_1_16' title='bbox 533 599 726 662; x_wconf 80' lang='lat' dir='ltr'><strong>quosocroqne</strong></span> <span class='ocrx_word' id='word_1_17' title='bbox 744 599 844 645; x_wconf 73' lang='lat' dir='ltr'><strong>comos</strong></span> <span class='ocrx_word' id='word_1_18' title='bbox 870 583 1018 659; x_wconf 82' lang='lat' dir='ltr'><strong>noscitur,</strong></span> <span class='ocrx_word' id='word_1_19' title='bbox 1042 604 1102 666; x_wconf 76' lang='lat' dir='ltr'><strong>per</strong></span> 
     </span>
     <span class='ocr_line' id='line_1_4' title="bbox 162 673 1102 757; baseline 0.001 -17"><span class='ocrx_word' id='word_1_20' title='bbox 162 675 280 740; x_wconf 74' lang='lat' dir='ltr'><strong>eosdm</strong></span> <span class='ocrx_word' id='word_1_21' title='bbox 294 673 472 736; x_wconf 77' lang='lat' dir='ltr'><strong>dissolvitur.</strong></span> <span class='ocrx_word' id='word_1_22' title='bbox 490 673 581 736; x_wconf 84' lang='lat' dir='ltr'><strong>velet</strong></span> <span class='ocrx_word' id='word_1_23' title='bbox 599 673 631 734; x_wconf 89' lang='lat' dir='ltr'><strong>in</strong></span> <span class='ocrx_word' id='word_1_24' title='bbox 651 674 863 736; x_wconf 79' lang='lat' dir='ltr'><strong>contractibus</strong></span> <span class='ocrx_word' id='word_1_25' title='bbox 881 679 912 738; x_wconf 83' lang='lat' dir='ltr'><strong>et</strong></span> <span class='ocrx_word' id='word_1_26' title='bbox 936 677 1102 757; x_wconf 79' lang='lat' dir='ltr'><strong>obligatio·</strong></span> 
     </span>
     <span class='ocr_line' id='line_1_5' title="bbox 164 779 1101 864; baseline 0 -18"><span class='ocrx_word' id='word_1_27' title='bbox 164 783 259 846; x_wconf 86' lang='lat' dir='ltr'><strong>nibus</strong></span> <span class='ocrx_word' id='word_1_28' title='bbox 269 779 495 862; x_wconf 76' lang='lat' dir='ltr'><strong>tempornlibus</strong></span> <span class='ocrx_word' id='word_1_29' title='bbox 510 799 530 840; x_wconf 84' lang='lat' dir='ltr'><strong>o</strong></span> <span class='ocrx_word' id='word_1_30' title='bbox 543 779 704 844; x_wconf 75' lang='lat' dir='ltr'><strong>voluntate</strong></span> <span class='ocrx_word' id='word_1_31' title='bbox 717 781 969 844; x_wconf 71' lang='lat' dir='ltr'><strong>contrahentium</strong></span> <span class='ocrx_word' id='word_1_32' title='bbox 983 783 1101 864; x_wconf 87' lang='lat' dir='ltr'><strong>depen-</strong></span> 
     </span>
     <span class='ocr_line' id='line_1_6' title="bbox 164 872 1100 955; baseline 0.001 -17"><span class='ocrx_word' id='word_1_33' title='bbox 164 876 324 938; x_wconf 87' lang='lat' dir='ltr'><strong>dentibus.</strong></span> <span class='ocrx_word' id='word_1_34' title='bbox 339 873 432 936; x_wconf 72' lang='lat' dir='ltr'><strong>nouit</strong></span> <span class='ocrx_word' id='word_1_35' title='bbox 446 893 452 936; x_wconf 93' lang='lat'>:</span> <span class='ocrx_word' id='word_1_36' title='bbox 467 875 490 934; x_wconf 94' lang='grc' dir='ltr'><strong>Ι.</strong></span> <span class='ocrx_word' id='word_1_37' title='bbox 508 875 543 934; x_wconf 90' lang='lat' dir='ltr'><strong>In</strong></span> <span class='ocrx_word' id='word_1_38' title='bbox 554 872 603 934; x_wconf 86' lang='lat' dir='ltr'><strong>hie</strong></span> <span class='ocrx_word' id='word_1_39' title='bbox 618 891 688 953; x_wconf 83' lang='lat' dir='ltr'><strong>quae</strong></span> <span class='ocrx_word' id='word_1_40' title='bbox 701 876 774 936; x_wconf 87' lang='lat' dir='ltr'><strong>sunt</strong></span> <span class='ocrx_word' id='word_1_41' title='bbox 784 872 865 955; x_wconf 87' lang='lat' dir='ltr'><strong>juris</strong></span> <span class='ocrx_word' id='word_1_42' title='bbox 876 874 984 953; x_wconf 91' lang='lat' dir='ltr'><strong>divini,</strong></span> <span class='ocrx_word' id='word_1_43' title='bbox 994 879 1100 939; x_wconf 80' lang='lat' dir='ltr'><strong>utma-</strong></span> 
     </span>
     <span class='ocr_line' id='line_1_7' title="bbox 164 965 1097 1046; baseline 0.001 -15"><span class='ocrx_word' id='word_1_44' title='bbox 164 968 361 1044; x_wconf 84' lang='lat' dir='ltr'><strong>trimonium,</strong></span> <span class='ocrx_word' id='word_1_45' title='bbox 385 970 416 1029; x_wconf 88' lang='lat' dir='ltr'><strong>et</strong></span> <span class='ocrx_word' id='word_1_46' title='bbox 430 969 545 1028; x_wconf 72' lang='lat' dir='ltr'><strong>cetero</strong></span> <span class='ocrx_word' id='word_1_47' title='bbox 565 968 773 1044; x_wconf 80' lang='lat' dir='ltr'><strong>sacramente,</strong></span> <span class='ocrx_word' id='word_1_48' title='bbox 798 965 988 1046; x_wconf 72' lang='lat' dir='ltr'><strong>juramenta,</strong></span> <span class='ocrx_word' id='word_1_49' title='bbox 1012 975 1097 1032; x_wconf 83' lang='lat' dir='ltr'><strong>voto.</strong></span> 
     </span>
     <span class='ocr_line' id='line_1_8' title="bbox 164 1058 1101 1139; baseline -0.001 -14"><span class='ocrx_word' id='word_1_50' title='bbox 164 1065 204 1126; x_wconf 82' lang='grc' dir='ltr'><strong>Π.</strong></span> <span class='ocrx_word' id='word_1_51' title='bbox 219 1064 253 1123; x_wconf 92' lang='lat' dir='ltr'><strong>In</strong></span> <span class='ocrx_word' id='word_1_52' title='bbox 268 1059 471 1122; x_wconf 79' lang='lat' dir='ltr'><strong>translatione</strong></span> <span class='ocrx_word' id='word_1_53' title='bbox 488 1058 725 1139; x_wconf 87' lang='lat' dir='ltr'><strong>episcoporum,</strong></span> <span class='ocrx_word' id='word_1_54' title='bbox 743 1059 939 1123; x_wconf 71' lang='lat' dir='ltr'><strong>absolutione</strong></span> <span class='ocrx_word' id='word_1_55' title='bbox 953 1081 1101 1126; x_wconf 84' lang='lat' dir='ltr'><strong>censuro-</strong></span> 
     </span>
     <span class='ocr_line' id='line_1_9' title="bbox 165 1152 1098 1235; baseline 0.002 -19"><span class='ocrx_word' id='word_1_56' title='bbox 165 1174 257 1228; x_wconf 80' lang='lat' dir='ltr'><strong>rum3</strong></span> <span class='ocrx_word' id='word_1_57' title='bbox 275 1154 442 1235; x_wconf 84' lang='lat' dir='ltr'><strong>quiasaepc</strong></span> <span class='ocrx_word' id='word_1_58' title='bbox 452 1153 539 1232; x_wconf 80' lang='lat' dir='ltr'><strong>liget,</strong></span> <span class='ocrx_word' id='word_1_59' title='bbox 551 1152 604 1232; x_wconf 87' lang='lat' dir='ltr'><strong>qui</strong></span> <span class='ocrx_word' id='word_1_60' title='bbox 614 1152 735 1216; x_wconf 85' lang='lat' dir='ltr'><strong>solvere</strong></span> <span class='ocrx_word' id='word_1_61' title='bbox 748 1171 811 1214; x_wconf 92' lang='lat' dir='ltr'><strong>non</strong></span> <span class='ocrx_word' id='word_1_62' title='bbox 823 1157 935 1234; x_wconf 87' lang='lat' dir='ltr'><strong>potest,</strong></span> <span class='ocrx_word' id='word_1_63' title='bbox 948 1159 980 1218; x_wconf 90' lang='lat' dir='ltr'><strong>et</strong></span> <span class='ocrx_word' id='word_1_64' title='bbox 994 1156 1098 1234; x_wconf 82' lang='lat' dir='ltr'><strong>solvit,</strong></span> 
     </span>
     <span class='ocr_line' id='line_1_10' title="bbox 165 1244 1101 1330; baseline 0.002 -20"><span class='ocrx_word' id='word_1_65' title='bbox 165 1247 333 1330; x_wconf 83' lang='lat' dir='ltr'><strong>quiligore</strong></span> <span class='ocrx_word' id='word_1_66' title='bbox 345 1263 410 1308; x_wconf 89' lang='lat' dir='ltr'><strong>non</strong></span> <span class='ocrx_word' id='word_1_67' title='bbox 422 1245 535 1326; x_wconf 83' lang='lat' dir='ltr'><strong>potuit.</strong></span> <span class='ocrx_word' id='word_1_68' title='bbox 556 1245 607 1308; x_wconf 88' lang='lat' dir='ltr'><strong>Sic</strong></span> <span class='ocrx_word' id='word_1_69' title='bbox 622 1244 873 1327; x_wconf 78' lang='lat' dir='ltr'>archiepiscopus</span> <span class='ocrx_word' id='word_1_70' title='bbox 887 1252 990 1328; x_wconf 84' lang='lat' dir='ltr'><strong>potest</strong></span> <span class='ocrx_word' id='word_1_71' title='bbox 1008 1269 1101 1312; x_wconf 88' lang='lat' dir='ltr'><strong>suum</strong></span> 
     </span>
     <span class='ocr_line' id='line_1_11' title="bbox 166 1337 1099 1420; baseline 0 -16"><span class='ocrx_word' id='word_1_72' title='bbox 166 1343 403 1420; x_wconf 79' lang='lat' dir='ltr'><strong>suffraganeum</strong></span> <span class='ocrx_word' id='word_1_73' title='bbox 418 1339 548 1418; x_wconf 85' lang='lat' dir='ltr'><strong>elligere</strong></span> <span class='ocrx_word' id='word_1_74' title='bbox 559 1337 726 1416; x_wconf 79' lang='lat' dir='ltr'><strong>Ecclesioe,</strong></span> <span class='ocrx_word' id='word_1_75' title='bbox 742 1357 806 1402; x_wconf 88' lang='lat' dir='ltr'><strong>non</strong></span> <span class='ocrx_word' id='word_1_76' title='bbox 828 1344 933 1403; x_wconf 86' lang='lat' dir='ltr'><strong>temen</strong></span> <span class='ocrx_word' id='word_1_77' title='bbox 957 1343 1099 1420; x_wconf 82' lang='lat' dir='ltr'><strong>solvere,</strong></span> 
     </span>
     <span class='ocr_line' id='line_1_12' title="bbox 166 1431 1100 1514; baseline 0.001 -17"><span class='ocrx_word' id='word_1_78' title='bbox 166 1438 200 1497; x_wconf 82' lang='lat' dir='ltr'><strong>ei</strong></span> <span class='ocrx_word' id='word_1_79' title='bbox 208 1432 362 1514; x_wconf 79' lang='lat' dir='ltr'><strong>regularis</strong></span> <span class='ocrx_word' id='word_1_80' title='bbox 378 1431 586 1497; x_wconf 80' lang='lat' dir='ltr'><strong>confessarius</strong></span> <span class='ocrx_word' id='word_1_81' title='bbox 603 1434 706 1511; x_wconf 82' lang='lat' dir='ltr'><strong>potest</strong></span> <span class='ocrx_word' id='word_1_82' title='bbox 724 1451 744 1494; x_wconf 86' lang='lat' dir='ltr'><strong>o</strong></span> <span class='ocrx_word' id='word_1_83' title='bbox 759 1433 865 1496; x_wconf 80' lang='lat' dir='ltr'><strong>multis</strong></span> <span class='ocrx_word' id='word_1_84' title='bbox 889 1436 1029 1498; x_wconf 80' lang='lat' dir='ltr'><strong>censuris</strong></span> <span class='ocrx_word' id='word_1_85' title='bbox 1047 1437 1100 1498; x_wconf 63' lang='lat' dir='ltr'><strong>uir</strong></span> 
     </span>
     <span class='ocr_line' id='line_1_13' title="bbox 165 1525 755 1605; baseline -0.003 -15"><span class='ocrx_word' id='word_1_86' title='bbox 165 1528 308 1603; x_wconf 80' lang='lat' dir='ltr'><strong>solvere,</strong></span> <span class='ocrx_word' id='word_1_87' title='bbox 320 1544 384 1588; x_wconf 91' lang='lat' dir='ltr'><strong>non</strong></span> <span class='ocrx_word' id='word_1_88' title='bbox 395 1529 501 1588; x_wconf 82' lang='lat' dir='ltr'><strong>temen</strong></span> <span class='ocrx_word' id='word_1_89' title='bbox 513 1525 562 1586; x_wconf 87' lang='lat' dir='ltr'><strong>his</strong></span> <span class='ocrx_word' id='word_1_90' title='bbox 573 1525 683 1605; x_wconf 84' lang='lat' dir='ltr'><strong>ligere,</strong></span> <span class='ocrx_word' id='word_1_91' title='bbox 696 1527 755 1588; x_wconf 84' lang='lat' dir='ltr'><strong>etc.</strong></span> 
     </span>
    </p>

    <p class='ocr_par' dir='ltr' id='par_1_3' title="bbox 164 1617 1179 2262">
     <span class='ocr_line' id='line_1_14' title="bbox 205 1617 1097 1700; baseline 0 -18"><span class='ocrx_word' id='word_1_92' title='bbox 205 1625 237 1682; x_wconf 75' lang='lat'><strong>2·</strong></span> <span class='ocrx_word' id='word_1_93' title='bbox 256 1619 356 1680; x_wconf 81' lang='lat' dir='ltr'><strong>Dubio</strong></span> <span class='ocrx_word' id='word_1_94' title='bbox 384 1618 414 1678; x_wconf 82' lang='lat' dir='ltr'><strong>in</strong></span> <span class='ocrx_word' id='word_1_95' title='bbox 440 1617 587 1678; x_wconf 84' lang='lat' dir='ltr'><strong>meliorem</strong></span> <span class='ocrx_word' id='word_1_96' title='bbox 618 1625 738 1698; x_wconf 82' lang='lat' dir='ltr'><strong>portem</strong></span> <span class='ocrx_word' id='word_1_97' title='bbox 764 1619 958 1700; x_wconf 69' lang='lat' dir='ltr'><strong>interpretari</strong></span> <span class='ocrx_word' id='word_1_98' title='bbox 985 1619 1097 1682; x_wconf 78' lang='lat' dir='ltr'><strong>debent.</strong></span> 
     </span>
     <span class='ocr_line' id='line_1_15' title="bbox 165 1710 1099 1792; baseline -0.005 -12"><span class='ocrx_word' id='word_1_99' title='bbox 165 1713 259 1780; x_wconf 75' lang='lat' dir='ltr'><strong>Volet</strong></span> <span class='ocrx_word' id='word_1_100' title='bbox 282 1712 317 1774; x_wconf 89' lang='lat' dir='ltr'><strong>in</strong></span> <span class='ocrx_word' id='word_1_101' title='bbox 341 1710 462 1774; x_wconf 81' lang='lat' dir='ltr'><strong>actibus</strong></span> <span class='ocrx_word' id='word_1_102' title='bbox 482 1710 749 1789; x_wconf 84' lang='lat' dir='ltr'><strong>indifferentibus,</strong></span> <span class='ocrx_word' id='word_1_103' title='bbox 777 1715 808 1773; x_wconf 81' lang='lat' dir='ltr'><strong>et</strong></span> <span class='ocrx_word' id='word_1_104' title='bbox 834 1731 872 1773; x_wconf 87' lang='lat' dir='ltr'><strong>ex</strong></span> <span class='ocrx_word' id='word_1_105' title='bbox 899 1731 1015 1792; x_wconf 82' lang='lat' dir='ltr'><strong>genere</strong></span> <span class='ocrx_word' id='word_1_106' title='bbox 1043 1731 1099 1776; x_wconf 90' lang='lat' dir='ltr'><strong>suo</strong></span> 
     </span>
     <span class='ocr_line' id='line_1_16' title="bbox 164 1803 1100 1889; baseline -0.001 -19"><span class='ocrx_word' id='word_1_107' title='bbox 164 1805 351 1889; x_wconf 80' lang='lat' dir='ltr'><strong>permissis,</strong></span> <span class='ocrx_word' id='word_1_108' title='bbox 379 1807 412 1868; x_wconf 85' lang='lat' dir='ltr'><strong>et</strong></span> <span class='ocrx_word' id='word_1_109' title='bbox 431 1803 465 1866; x_wconf 90' lang='lat' dir='ltr'><strong>in</strong></span> <span class='ocrx_word' id='word_1_110' title='bbox 478 1803 538 1882; x_wconf 86' lang='lat' dir='ltr'><strong>his,</strong></span> <span class='ocrx_word' id='word_1_111' title='bbox 563 1821 632 1886; x_wconf 80' lang='lat' dir='ltr'><strong>quae</strong></span> <span class='ocrx_word' id='word_1_112' title='bbox 653 1808 727 1868; x_wconf 87' lang='lat' dir='ltr'><strong>sunt</strong></span> <span class='ocrx_word' id='word_1_113' title='bbox 752 1805 932 1881; x_wconf 80' lang='lat' dir='ltr'><strong>securioro3</strong></span> <span class='ocrx_word' id='word_1_114' title='bbox 962 1806 1042 1868; x_wconf 87' lang='lat' dir='ltr'><strong>sicut</strong></span> <span class='ocrx_word' id='word_1_115' title='bbox 1066 1806 1100 1870; x_wconf 89' lang='lat' dir='ltr'><strong>iu</strong></span> 
     </span>
     <span class='ocr_line' id='line_1_17' title="bbox 166 1897 1101 1980; baseline -0.002 -16"><span class='ocrx_word' id='word_1_116' title='bbox 166 1900 263 1964; x_wconf 84' lang='lat' dir='ltr'><strong>dubio</strong></span> <span class='ocrx_word' id='word_1_117' title='bbox 281 1897 422 1962; x_wconf 87' lang='lat' dir='ltr'><strong>securius</strong></span> <span class='ocrx_word' id='word_1_118' title='bbox 446 1901 494 1962; x_wconf 86' lang='lat' dir='ltr'><strong>est</strong></span> <span class='ocrx_word' id='word_1_119' title='bbox 514 1917 605 1961; x_wconf 89' lang='lat' dir='ltr'><strong>reum</strong></span> <span class='ocrx_word' id='word_1_120' title='bbox 631 1898 811 1976; x_wconf 77' lang='lat' dir='ltr'><strong>absolvere,</strong></span> <span class='ocrx_word' id='word_1_121' title='bbox 831 1917 927 1980; x_wconf 84' lang='lat' dir='ltr'><strong>quum</strong></span> <span class='ocrx_word' id='word_1_122' title='bbox 952 1900 1101 1963; x_wconf 88' lang='lat' dir='ltr'><strong>condem·</strong></span> 
     </span>
     <span class='ocr_line' id='line_1_18' title="bbox 165 1990 1098 2072; baseline -0.001 -16"><span class='ocrx_word' id='word_1_123' title='bbox 165 2008 253 2056; x_wconf 82' lang='lat' dir='ltr'><strong>nure.</strong></span> <span class='ocrx_word' id='word_1_124' title='bbox 270 1990 404 2054; x_wconf 78' lang='lat' dir='ltr'><strong>Fuilitin</strong></span> <span class='ocrx_word' id='word_1_125' title='bbox 420 1991 551 2069; x_wconf 87' lang='lat' dir='ltr'><strong>delictis,</strong></span> <span class='ocrx_word' id='word_1_126' title='bbox 564 1997 595 2054; x_wconf 87' lang='lat' dir='ltr'><strong>ct</strong></span> <span class='ocrx_word' id='word_1_127' title='bbox 607 1992 727 2054; x_wconf 77' lang='lat' dir='ltr'><strong>notibus</strong></span> <span class='ocrx_word' id='word_1_128' title='bbox 743 2011 906 2072; x_wconf 81' lang='lat' dir='ltr'><strong>exgenere</strong></span> <span class='ocrx_word' id='word_1_129' title='bbox 916 2012 972 2056; x_wconf 88' lang='lat' dir='ltr'><strong>suo</strong></span> <span class='ocrx_word' id='word_1_130' title='bbox 987 1993 1098 2070; x_wconf 86' lang='lat' dir='ltr'><strong>mulis,</strong></span> 
     </span>
     <span class='ocr_line' id='line_1_19' title="bbox 165 2084 1179 2170; baseline -0.003 -20"><span class='ocrx_word' id='word_1_131' title='bbox 165 2088 219 2170; x_wconf 87' lang='lat' dir='ltr'><strong>qui</strong></span> <span class='ocrx_word' id='word_1_132' title='bbox 234 2088 469 2167; x_wconf 73' lang='lat' dir='ltr'><strong>presumuntur</strong></span> <span class='ocrx_word' id='word_1_133' title='bbox 489 2085 565 2158; x_wconf 31' lang='lat' dir='ltr'><strong>dolo·</strong></span> <span class='ocrx_word' id='word_1_134' title='bbox 584 2085 669 2148; x_wconf 83' lang='lat' dir='ltr'><strong>meio</strong></span> <span class='ocrx_word' id='word_1_135' title='bbox 692 2084 770 2163; x_wconf 87' lang='lat' dir='ltr'><strong>fieri,</strong></span> <span class='ocrx_word' id='word_1_136' title='bbox 788 2086 889 2148; x_wconf 90' lang='lat' dir='ltr'><strong>donoc</strong></span> <span class='ocrx_word' id='word_1_137' title='bbox 909 2087 1102 2150; x_wconf 78' lang='lat' dir='ltr'><strong>contrarium</strong></span> <span class='ocrx_word' id='word_1_138' title='bbox 1173 2123 1179 2137; x_wconf 52' lang='grc' dir='ltr'>ι</span> 
     </span>
     <span class='ocr_line' id='line_1_20' title="bbox 165 2181 330 2262; baseline 0 -20"><span class='ocrx_word' id='word_1_139' title='bbox 165 2181 330 2262; x_wconf 74' lang='lat' dir='ltr'><strong>probetur.</strong></span> 
     </span>
    </p>

    <p class='ocr_par' dir='ltr' id='par_1_4' title="bbox 165 2271 1103 2728">
     <span class='ocr_line' id='line_1_21' title="bbox 205 2271 1103 2354; baseline -0.003 -17"><span class='ocrx_word' id='word_1_140' title='bbox 205 2278 237 2337; x_wconf 86' lang='lat'><strong>3·</strong></span> <span class='ocrx_word' id='word_1_141' title='bbox 260 2271 345 2348; x_wconf 73' lang='lat' dir='ltr'><strong>Quod</strong></span> <span class='ocrx_word' id='word_1_142' title='bbox 355 2291 414 2334; x_wconf 81' lang='lat' dir='ltr'><strong>non</strong></span> <span class='ocrx_word' id='word_1_143' title='bbox 432 2279 475 2334; x_wconf 84' lang='lat' dir='ltr'><strong>cst</strong></span> <span class='ocrx_word' id='word_1_144' title='bbox 493 2271 606 2334; x_wconf 80' lang='lat' dir='ltr'><strong>licitum</strong></span> <span class='ocrx_word' id='word_1_145' title='bbox 629 2272 660 2334; x_wconf 84' lang='lat' dir='ltr'><strong>io</strong></span> <span class='ocrx_word' id='word_1_146' title='bbox 679 2273 755 2352; x_wconf 71' lang='lat' dir='ltr'><strong>leqc,</strong></span> <span class='ocrx_word' id='word_1_147' title='bbox 772 2273 923 2336; x_wconf 81' lang='lat' dir='ltr'><strong>necessitas</strong></span> <span class='ocrx_word' id='word_1_148' title='bbox 946 2273 1023 2354; x_wconf 81' lang='lat' dir='ltr'><strong>facit</strong></span> <span class='ocrx_word' id='word_1_149' title='bbox 1037 2272 1103 2334; x_wconf 77' lang='lat' dir='ltr'><strong>tiet-</strong></span> 
     </span>
     <span class='ocr_line' id='line_1_22' title="bbox 165 2363 1103 2444; baseline -0.003 -16"><span class='ocrx_word' id='word_1_150' title='bbox 165 2376 228 2428; x_wconf 84' lang='lat' dir='ltr'><strong>tom</strong></span> <span class='ocrx_word' id='word_1_151' title='bbox 241 2385 254 2428; x_wconf 92' lang='grc'><strong>.·</strong></span> <span class='ocrx_word' id='word_1_152' title='bbox 269 2381 344 2428; x_wconf 86' lang='lat' dir='ltr'><strong>nam</strong></span> <span class='ocrx_word' id='word_1_153' title='bbox 355 2363 525 2427; x_wconf 52' lang='lat' dir='ltr'><strong>necesitas</strong></span> <span class='ocrx_word' id='word_1_154' title='bbox 538 2382 602 2427; x_wconf 90' lang='lat' dir='ltr'><strong>non</strong></span> <span class='ocrx_word' id='word_1_155' title='bbox 619 2364 717 2426; x_wconf 84' lang='lat' dir='ltr'><strong>hebet</strong></span> <span class='ocrx_word' id='word_1_156' title='bbox 727 2365 842 2443; x_wconf 80' lang='lat' dir='ltr'><strong>legem.</strong></span> <span class='ocrx_word' id='word_1_157' title='bbox 864 2365 956 2430; x_wconf 78' lang='lat' dir='ltr'><strong>vaist</strong></span> <span class='ocrx_word' id='word_1_158' title='bbox 974 2366 1006 2426; x_wconf 90' lang='lat' dir='ltr'><strong>in</strong></span> <span class='ocrx_word' id='word_1_159' title='bbox 1031 2365 1103 2444; x_wconf 84' lang='lat' dir='ltr'><strong>lege</strong></span> 
     </span>
     <span class='ocr_line' id='line_1_23' title="bbox 165 2456 1102 2544; baseline -0.006 -20"><span class='ocrx_word' id='word_1_160' title='bbox 165 2457 667 2544; x_wconf 82' lang='lat' dir='ltr'><strong>positive,praese1timhumeno;</strong></span> <span class='ocrx_word' id='word_1_161' title='bbox 684 2456 804 2518; x_wconf 87' lang='lat' dir='ltr'><strong>follitin</strong></span> <span class='ocrx_word' id='word_1_162' title='bbox 814 2457 884 2536; x_wconf 82' lang='lat' dir='ltr'><strong>lege</strong></span> <span class='ocrx_word' id='word_1_163' title='bbox 900 2458 1052 2535; x_wconf 80' lang='lat' dir='ltr'><strong>naturali,</strong></span> <span class='ocrx_word' id='word_1_164' title='bbox 1070 2461 1102 2518; x_wconf 86' lang='lat' dir='ltr'><strong>et</strong></span> 
     </span>
     <span class='ocr_line' id='line_1_24' title="bbox 166 2549 1100 2635; baseline -0.004 -19"><span class='ocrx_word' id='word_1_165' title='bbox 166 2553 290 2635; x_wconf 83' lang='lat' dir='ltr'><strong>quoties</strong></span> <span class='ocrx_word' id='word_1_166' title='bbox 313 2552 366 2616; x_wconf 56' lang='lat' dir='ltr'><strong>lex,</strong></span> <span class='ocrx_word' id='word_1_167' title='bbox 386 2551 521 2632; x_wconf 82' lang='lat' dir='ltr'><strong>positiva</strong></span> <span class='ocrx_word' id='word_1_168' title='bbox 545 2549 694 2614; x_wconf 78' lang='lat' dir='ltr'><strong>violando</strong></span> <span class='ocrx_word' id='word_1_169' title='bbox 721 2552 804 2610; x_wconf 78' lang='lat' dir='ltr'><strong>esset</strong></span> <span class='ocrx_word' id='word_1_170' title='bbox 824 2549 856 2611; x_wconf 92' lang='lat' dir='ltr'><strong>in</strong></span> <span class='ocrx_word' id='word_1_171' title='bbox 885 2552 1100 2628; x_wconf 84' lang='lat' dir='ltr'><strong>contemptum</strong></span> 
     </span>
     <span class='ocr_line' id='line_1_25' title="bbox 167 2643 504 2728; baseline -0.012 -18"><span class='ocrx_word' id='word_1_172' title='bbox 167 2644 332 2728; x_wconf 78' lang='lat' dir='ltr'><strong>potestatis</strong></span> <span class='ocrx_word' id='word_1_173' title='bbox 346 2643 504 2708; x_wconf 73' lang='lat' dir='ltr'><strong>Ecclesiae.</strong></span> 
     </span>
    </p>
   </div>
   <div class='ocr_carea' id='block_1_3' title="bbox 358 2803 906 2854">
    <p class='ocr_par' dir='ltr' id='par_1_5' title="bbox 358 2803 906 2854">
     <span class='ocr_line' id='line_1_26' title="bbox 358 2803 906 2854; baseline 0.002 -13"><span class='ocrx_word' id='word_1_174' title='bbox 358 2805 390 2845; x_wconf 87' lang='grc' dir='ltr'><strong>ΙΙ.</strong></span> <span class='ocrx_word' id='word_1_175' title='bbox 402 2805 499 2854; x_wconf 61' lang='lat' dir='ltr'><strong>loni·</strong></span> <span class='ocrx_word' id='word_1_176' title='bbox 508 2805 626 2854; x_wconf 70' lang='lat' dir='ltr'><strong>pracipes·</strong></span> <span class='ocrx_word' id='word_1_177' title='bbox 633 2803 658 2839; x_wconf 81' lang='grc' dir='ltr'><strong>Ιιι</strong></span> <span class='ocrx_word' id='word_1_178' title='bbox 666 2805 735 2842; x_wconf 71' lang='lat' dir='ltr'><strong>sexto</strong></span> <span class='ocrx_word' id='word_1_179' title='bbox 745 2804 906 2842; x_wconf 68' lang='lat' dir='ltr'><strong>”sensnum</strong></span> 
     </span>
    </p>
   </div>
   <div class='ocr_carea' id='block_1_4' title="bbox 170 2933 1103 3578">
    <p class='ocr_par' dir='ltr' id='par_1_6' title="bbox 170 2933 1103 3578">
     <span class='ocr_line' id='line_1_27' title="bbox 210 2933 1098 3018; baseline -0.003 -19"><span class='ocrx_word' id='word_1_180' title='bbox 210 2941 239 2999; x_wconf 80' lang='lat'><strong>1·</strong></span> <span class='ocrx_word' id='word_1_181' title='bbox 260 2937 410 3000; x_wconf 85' lang='lat' dir='ltr'><strong>Posseosor</strong></span> <span class='ocrx_word' id='word_1_182' title='bbox 423 2936 510 2998; x_wconf 76' lang='lat' dir='ltr'><strong>moise</strong></span> <span class='ocrx_word' id='word_1_183' title='bbox 530 2935 604 3018; x_wconf 79' lang='lat' dir='ltr'><strong>fidei</strong></span> <span class='ocrx_word' id='word_1_184' title='bbox 621 2935 681 2996; x_wconf 83' lang='lat' dir='ltr'><strong>ullo</strong></span> <span class='ocrx_word' id='word_1_185' title='bbox 696 2948 824 3016; x_wconf 76' lang='lat' dir='ltr'><strong>tempore</strong></span> <span class='ocrx_word' id='word_1_186' title='bbox 844 2953 902 2996; x_wconf 79' lang='lat' dir='ltr'><strong>oon</strong></span> <span class='ocrx_word' id='word_1_187' title='bbox 916 2933 1098 3018; x_wconf 72' lang='lat' dir='ltr'><strong>prescribit.</strong></span> 
     </span>
     <span class='ocr_line' id='line_1_28' title="bbox 170 3028 1101 3110; baseline -0.008 -18"><span class='ocrx_word' id='word_1_188' title='bbox 170 3033 244 3094; x_wconf 85' lang='lat' dir='ltr'><strong>Hooc</strong></span> <span class='ocrx_word' id='word_1_189' title='bbox 258 3049 325 3110; x_wconf 83' lang='lat' dir='ltr'><strong>reg.</strong></span> <span class='ocrx_word' id='word_1_190' title='bbox 341 3029 469 3110; x_wconf 79' lang='lat' dir='ltr'><strong>corrigit</strong></span> <span class='ocrx_word' id='word_1_191' title='bbox 480 3029 531 3109; x_wconf 87' lang='lat' dir='ltr'><strong>jus</strong></span> <span class='ocrx_word' id='word_1_192' title='bbox 546 3029 606 3090; x_wconf 89' lang='lat' dir='ltr'><strong>civ.</strong></span> <span class='ocrx_word' id='word_1_193' title='bbox 623 3047 685 3109; x_wconf 89' lang='lat' dir='ltr'><strong>quo</strong></span> <span class='ocrx_word' id='word_1_194' title='bbox 699 3028 740 3090; x_wconf 86' lang='lat' dir='ltr'><strong>ed</strong></span> <span class='ocrx_word' id='word_1_195' title='bbox 750 3028 1017 3090; x_wconf 81' lang='lat' dir='ltr'><strong>continuationem</strong></span> <span class='ocrx_word' id='word_1_196' title='bbox 1031 3043 1101 3104; x_wconf 87' lang='lat' dir='ltr'><strong>pos-</strong></span> 
     </span>
     <span class='ocr_line' id='line_1_29' title="bbox 170 3115 1101 3202; baseline -0.006 -18"><span class='ocrx_word' id='word_1_197' title='bbox 170 3123 386 3186; x_wconf 88' lang='lat' dir='ltr'><strong>sessionisnon</strong></span> <span class='ocrx_word' id='word_1_198' title='bbox 396 3122 566 3202; x_wconf 86' lang='lat' dir='ltr'><strong>requiritur</strong></span> <span class='ocrx_word' id='word_1_199' title='bbox 576 3123 660 3184; x_wconf 83' lang='lat' dir='ltr'><strong>hono</strong></span> <span class='ocrx_word' id='word_1_200' title='bbox 669 3122 868 3202; x_wconf 84' lang='lat' dir='ltr'><strong>fides‚neqoe</strong></span> <span class='ocrx_word' id='word_1_201' title='bbox 882 3122 923 3183; x_wconf 80' lang='lat' dir='ltr'><strong>ed</strong></span> <span class='ocrx_word' id='word_1_202' title='bbox 936 3115 1101 3200; x_wconf 72' lang='lat' dir='ltr'><strong>prescrip-</strong></span> 
     </span>
     <span class='ocr_line' id='line_1_30' title="bbox 170 3211 1102 3296; baseline -0.005 -17"><span class='ocrx_word' id='word_1_203' title='bbox 170 3216 288 3279; x_wconf 88' lang='lat' dir='ltr'><strong>tionem</strong></span> <span class='ocrx_word' id='word_1_204' title='bbox 295 3213 623 3296; x_wconf 85' lang='lat' dir='ltr'><strong>longissimitemporis</strong></span> <span class='ocrx_word' id='word_1_205' title='bbox 633 3217 682 3293; x_wconf 88' lang='grc'><strong>30,</strong></span> <span class='ocrx_word' id='word_1_206' title='bbox 696 3215 911 3278; x_wconf 71' lang='lat' dir='ltr'><strong>velwennor.</strong></span> <span class='ocrx_word' id='word_1_207' title='bbox 925 3214 988 3274; x_wconf 88' lang='lat' dir='ltr'><strong>Neo</strong></span> <span class='ocrx_word' id='word_1_208' title='bbox 999 3211 1102 3276; x_wconf 84' lang='lat' dir='ltr'><strong>obstet</strong></span> 
     </span>
     <span class='ocr_line' id='line_1_31' title="bbox 170 3305 1102 3390; baseline -0.002 -21"><span class='ocrx_word' id='word_1_209' title='bbox 170 3329 233 3390; x_wconf 75' lang='lat' dir='ltr'><strong>rep.</strong></span> <span class='ocrx_word' id='word_1_210' title='bbox 250 3314 300 3388; x_wconf 67' lang='lat'><strong>74,</strong></span> <span class='ocrx_word' id='word_1_211' title='bbox 315 3310 347 3372; x_wconf 83' lang='lat' dir='ltr'><strong>iu</strong></span> <span class='ocrx_word' id='word_1_212' title='bbox 357 3313 395 3386; x_wconf 81' lang='lat'><strong>63</strong></span> <span class='ocrx_word' id='word_1_213' title='bbox 412 3327 486 3372; x_wconf 83' lang='lat' dir='ltr'><strong>nem</strong></span> <span class='ocrx_word' id='word_1_214' title='bbox 501 3307 643 3390; x_wconf 84' lang='lat' dir='ltr'><strong>procedit</strong></span> <span class='ocrx_word' id='word_1_215' title='bbox 660 3308 699 3371; x_wconf 90' lang='lat' dir='ltr'><strong>do</strong></span> <span class='ocrx_word' id='word_1_216' title='bbox 716 3311 789 3372; x_wconf 81' lang='lat' dir='ltr'><strong>ectu</strong></span> <span class='ocrx_word' id='word_1_217' title='bbox 803 3305 953 3388; x_wconf 85' lang='lat' dir='ltr'><strong>perfecto,</strong></span> <span class='ocrx_word' id='word_1_218' title='bbox 970 3310 1001 3370; x_wconf 86' lang='lat' dir='ltr'><strong>et</strong></span> <span class='ocrx_word' id='word_1_219' title='bbox 1019 3325 1102 3372; x_wconf 89' lang='lat' dir='ltr'><strong>oom-</strong></span> 
     </span>
     <span class='ocr_line' id='line_1_32' title="bbox 171 3398 1103 3484; baseline 0 -20"><span class='ocrx_word' id='word_1_220' title='bbox 171 3403 266 3483; x_wconf 87' lang='lat' dir='ltr'><strong>pleto,</strong></span> <span class='ocrx_word' id='word_1_221' title='bbox 282 3421 346 3467; x_wconf 92' lang='lat' dir='ltr'><strong>non</strong></span> <span class='ocrx_word' id='word_1_222' title='bbox 361 3420 436 3467; x_wconf 84' lang='lat' dir='ltr'><strong>vero</strong></span> <span class='ocrx_word' id='word_1_223' title='bbox 451 3401 609 3482; x_wconf 85' lang='lat' dir='ltr'><strong>inciiooto,</strong></span> <span class='ocrx_word' id='word_1_224' title='bbox 623 3402 704 3467; x_wconf 88' lang='lat' dir='ltr'><strong>sicut</strong></span> <span class='ocrx_word' id='word_1_225' title='bbox 715 3401 882 3466; x_wconf 77' lang='lat' dir='ltr'><strong>inchoetur</strong></span> <span class='ocrx_word' id='word_1_226' title='bbox 892 3401 1047 3484; x_wconf 85' lang='lat' dir='ltr'><strong>possessio</strong></span> <span class='ocrx_word' id='word_1_227' title='bbox 1059 3398 1103 3464; x_wconf 80' lang='lat' dir='ltr'><strong>ed</strong></span> 
     </span>
     <span class='ocr_line' id='line_1_33' title="bbox 174 3495 408 3578; baseline 0.004 -19"><span class='ocrx_word' id='word_1_228' title='bbox 174 3495 408 3578; x_wconf 72' lang='lat' dir='ltr'><strong>nocopioneoo.</strong></span> 
     </span>
    </p>
   </div>
   <div class='ocr_carea' id='block_1_5' title="bbox 0 0 1282 4016">
    <p class='ocr_par' dir='ltr' id='par_1_7' title="bbox 0 0 1282 4016">
     <span class='ocr_line' id='line_1_34' title="bbox 0 0 1282 4016; baseline 0 0"><span class='ocrx_word' id='word_1_229' title='bbox 0 0 1282 4016; x_wconf 95' lang='lat' dir='ltr'><strong> </strong></span> 
     </span>
    </p>
   </div>
  </div>
 </body>
</html>
