2512 4012
169 245 226 306 186
374 257 603 302 rnsrrrorronns
624 259 706 304 roms
729 259 883 305 cononici.

204 406 271 464 Duo
285 403 357 462 sunt
370 399 487 480 grados
501 400 663 478 potestatis
674 401 792 462 ordinis
804 402 856 482 qui
870 401 1050 480 diriguntur
1061 401 1104 462 ad

164 514 286 558 sacram
300 492 529 554 Eucharistiam
540 493 776 570 conficiendam,
790 513 846 554 seu
859 495 899 554 ad
912 494 1104 555 sacrificium

165 588 359 650 offerendum
380 607 386 647 :
405 586 591 664 episcopalis
606 605 717 665 nempe
730 590 761 648 et
772 587 995 666 presbyteralis
1006 587 1098 648 ordo.

164 681 252 749 Unde
265 680 412 741 dicuntur
426 678 483 740 soli
500 679 625 741 ordines
640 679 861 741 sacerdotales.
946 700 950 710 ·

203 775 332 852 Utrique
348 771 441 851 hujus
452 771 572 832 ordinis
584 772 695 851 gradui
710 773 820 832 eadem
831 772 980 850 competit
994 777 1102 852 potes-

162 873 210 928 tas
229 866 334 946 quoad
352 865 507 924 actualem
531 864 734 926 Eucharistiae
758 865 1017 939 celebrationem
1043 868 1100 926 sed

162 962 193 1020 id
218 959 350 1037 amplius
378 958 472 1018 hahet
496 957 680 1035 episcopalis
706 960 741 1017 ut
771 957 952 1019 facultatem
982 958 1100 1020 habeat

162 1051 366 1132 perpetuandi
379 1050 440 1110 hoc
460 1049 680 1125 sacerdotium,
699 1049 759 1110 hoc
773 1050 961 1111 sacrificium
976 1070 1033 1130 per
1046 1071 1098 1112 or-

162 1143 1094 1222 dinationeminferiorumsacerdotum,seupresbyterorum.

162 1239 250 1300 Unde
266 1237 461 1314 episcopatus
480 1236 689 1297 sacerdotium
709 1236 801 1314 primi
818 1236 947 1314 ordinis,
965 1237 1097 1315 preshy-

161 1334 279 1392 teratus
308 1329 518 1390 sacerdotium
551 1328 679 1390 secundi
714 1329 832 1389 ordinis
864 1329 925 1390 dici
954 1334 1095 1408 possunt.

162 1424 329 1502 Utriusque
343 1425 449 1484 autem
462 1420 546 1482 idem
562 1439 688 1500 prorsus
699 1421 751 1501 jus
765 1425 811 1482 est
831 1441 868 1484 ac
892 1422 972 1483 ratio
996 1423 1026 1482 in
1048 1441 1099 1484 or-

166 1516 238 1576 dine
251 1515 291 1575 ad
304 1514 503 1575 sacrificium.

203 1609 264 1671 Sed
286 1608 416 1686 simplex
441 1606 648 1668 ministerium
663 1606 762 1667 modo
792 1607 973 1685 proximius,
1004 1607 1097 1670 modo

163 1702 311 1764 remotius
326 1701 366 1762 ad
380 1719 458 1779 opus
473 1700 550 1760 illud
565 1698 771 1776 sacrificandi,
786 1700 871 1779 quod
881 1701 954 1762 solis
972 1718 1098 1778 compc-

163 1796 200 1856 tit
223 1793 447 1869 sacerdotibus
473 1794 506 1853 in
529 1792 668 1852 Ecclesia
689 1792 820 1853 accedit.
848 1793 937 1854 Unde
961 1794 1020 1854 sub
1036 1793 1098 1854 hoc

163 1891 306 1965 respectu
327 1890 393 1946 tota
415 1885 592 1946 hierarchia
613 1885 730 1945 ordinis
757 1889 862 1964 posset
895 1885 1043 1965 distingui
1066 1886 1099 1945 in
1147 1939 1149 1944 .

165 1981 244 2039 duos
256 1978 373 2057 gradus
385 1979 558 2055 generales
571 1977 783 2039 sacerdotium
795 1997 907 2056 nempe
920 1979 1098 2040 etministc-

164 2073 256 2148 rium,
270 2089 405 2150 quorum
420 2074 552 2149 uterque
561 2070 710 2148 recipitin
721 2091 754 2132 se
764 2072 960 2132 subalternos
970 2073 1096 2152 gradus.

202 2167 253 2226 Vl.
276 2163 307 2226 Si
336 2181 410 2224 vcro
442 2163 744 2224 consideraverimus
771 2168 958 2243 potestatem
980 2165 1099 2226 ordinis

164 2258 194 2317 in
212 2254 313 2316 ordine
340 2254 381 2314 od
396 2263 566 2316 coeterorum
583 2253 829 2316 sacramentorum
844 2257 1052 2337 confectionem
1070 2266 1097 2318 et

163 2349 412 2430 dispensationem,
425 2348 537 2428 singuli
554 2349 676 2410 diverso
685 2350 779 2410 modo
790 2350 822 2410 in
837 2350 869 2410 id
884 2354 1017 2429 possunt
1029 2367 1098 2412 coo-

163 2441 276 2522 perari.

201 2538 280 2596 Nam
307 2538 337 2595 l⁰
357 2535 419 2596 duo
449 2539 521 2596 sunt
543 2540 740 2596 sacramenta
766 2554 899 2615 quorum
934 2536 1099 2596 conficien-

162 2630 274 2690 dorum
289 2627 457 2688 auotoritas
477 2627 550 2688 solis
579 2627 672 2688 datur
695 2629 860 2706 episcopis,
885 2647 941 2688 seu
964 2647 1098 2708 quorum

161 2720 285 2796 collatio
300 2722 387 2779 actus
405 2723 451 2780 est
463 2718 608 2797 proprius
623 2720 740 2780 ordinis
753 2720 939 2799 episcopalis
957 2722 1098 2793 :confir-

160 2811 255 2871 matio
266 2811 383 2871 scilicet
395 2811 522 2887 etordo,
536 2830 668 2889 quorum
675 2812 851 2874 ordinarius
861 2812 1005 2874 minister
1018 2812 1097 2892 epis·

161 2921 257 2982 copus
273 2906 330 2979 est,
344 2902 419 2964 dum
435 2908 621 2965 caeterorum
632 2905 899 2966 conficiendorum
910 2908 1097 2984 potestatem

160 2995 424 3074 hahentepiscopi
437 2997 709 3075 compresbyteris
725 3015 935 3060 communem.

198 3095 229 3150 2⁰
242 3088 386 3168 Exceptis
401 3087 449 3149 his
463 3089 585 3149 duobus
598 3090 801 3152 sacramentis
814 3091 984 3170 episcopali
995 3089 1096 3151 ordini

160 3183 337 3260 reservatis,
367 3185 399 3243 et
424 3183 555 3244 fortasse
588 3183 798 3260 matrimonio,
836 3184 876 3244 ob
905 3184 1097 3262 singularem

159 3272 252 3354 hujus
265 3275 452 3336 sacramenti
473 3278 630 3353 naturam,
655 3279 840 3338 caeterorum
859 3277 1000 3338 omnium
1022 3293 1096 3336 con-

158 3367 360 3428 ferendorum
374 3367 516 3429 minister
531 3367 707 3430 ordinarius
719 3370 885 3447 presbyter
899 3372 955 3430 est.

197 3458 369 3519 3⁰Diaconi
399 3460 513 3519 nullius
539 3461 726 3521 sacramenti
754 3461 935 3522 conferendi
961 3461 1095 3522 ministri
