2514 4014
133 335 135 339 ,
174 261 213 322 70
383 272 715 320 1usr1rurrounsrnn1s
737 273 890 318 canonici.

175 417 291 478 habere
307 434 363 494 pro
378 415 447 494 lege
461 415 602 478 tollenda
617 415 728 477 eadem
742 416 893 496 requisita
906 435 976 496 quae
996 417 1111 480 debuit

175 510 291 568 habere
306 508 375 586 ipsa
387 509 580 570 consuetudo
596 509 737 588 prolege
758 509 938 570 inducenda
954 530 961 570 :
979 513 1108 572 contra-

175 602 293 662 riorum
311 602 393 661 enim
418 603 528 662 eadem
550 603 629 664 ratio
655 606 711 680 est.
738 602 941 664 Solummodo
965 603 1108 664 animad-

175 695 361 757 vertendum
372 699 418 755 est
439 695 609 774 quodcum
629 696 801 756 desuetudo
816 700 926 756 contra
939 699 1108 758 cousuetu-

176 789 281 848 dinem
290 788 440 865 decertet,
450 807 511 849 nou
522 807 612 850 secus
626 807 662 850 ac
678 789 871 850 cousuetudo
883 793 991 850 contra
1002 791 1108 868 legem

175 881 303 942 inducta
327 900 398 942 cum
417 881 489 961 jure
511 881 721 959 praeexistenti
746 882 830 960 quod
849 881 987 944 hahebat
974 886 1056 960 tpro
1072 901 1108 943 se

175 974 286 1036 saltem
308 978 532 1052 praesumptam
552 973 700 1052 principis
729 974 923 1036 voluntatem
942 975 1105 1058 pugnavit,

177 1051 363 1129 diuturniori
378 1067 498 1146 indiget
519 1071 659 1146 tempore
685 1067 865 1128 eduorum
889 1067 938 1172 ius
958 1068 1108 1128 inducen-

176 1160 271 1232 dum;
290 1160 460 1238 requiritur
475 1159 558 1219 enim
581 1163 616 1221 ut
628 1161 772 1222 voluntas
785 1160 934 1240 principis
949 1161 1046 1266 pessit
1058 1179 1107 1222 so-

177 1251 281 1312 cietati
296 1252 500 1314 innotescere.

216 1346 263 1406 lta
281 1345 331 1405 vel
345 1345 544 1408 revocatione
565 1346 614 1407 vel
630 1346 836 1410 desuetudine
862 1350 962 1408 cessat
948 1347 1025 1408 tlex
1048 1365 1106 1426 pro

177 1438 401 1500 communitate
428 1439 560 1517 integra.
580 1440 642 1501 Sed
667 1458 789 1502 cessare
812 1439 907 1501 etiam
921 1443 1024 1518 potest
1049 1458 1107 1518 pro

178 1530 333 1591 nonnullis
349 1531 387 1592 de
403 1532 637 1610 communitate,
654 1551 767 1611 nempe
785 1551 841 1610 per
855 1532 1106 1614 dispensationem,

179 1624 351 1704 quae,aliud
361 1643 424 1686 nou
437 1629 484 1686 est
499 1624 556 1686 nisi
570 1625 704 1704 provida
719 1624 864 1705 quaedam
877 1625 956 1706 juris
971 1644 1109 1686 commu-

178 1717 226 1777 nis
241 1717 391 1780 relaxatio
405 1719 437 1778 in
455 1719 596 1780 favorem
609 1718 833 1780 nonnullorum
847 1737 867 1778 a
891 1719 1042 1798 principe,
1059 1718 1110 1779 vel

178 1829 236 1889 per
254 1829 287 1872 se
308 1811 357 1870 vel
370 1831 427 1890 per
448 1812 526 1872 alios
537 1812 630 1888 facta,
647 1814 739 1872 firma
757 1814 863 1872 tamen
881 1815 1027 1874 manente
1039 1812 1109 1889 lege

180 1903 285 1981 quoad
297 1903 398 1980 ipsam
413 1904 687 1965 communitatem:
702 1905 842 1966 nonnulli
858 1905 958 1985 alege
969 1905 1108 1967 eximun-

134 1990 136 1993 ’
179 1997 241 2072 tur,
259 1997 290 2055 et
304 1994 372 2056 haec
385 1995 534 2058 relaxatio
545 1998 580 2058 fit
591 1997 631 2059 oh
641 1997 791 2075 speciales
803 2015 925 2058 causas,

546 2199 676 2261 CAPUT
696 2199 747 2261 Vl.

182 2385 220 2430 DE
242 2383 341 2432 tudun
364 2384 661 2432 cactuslnsrlcnauu
679 2383 862 2446 snucrlouu,
887 2387 955 2436 Slva
977 2386 1015 2430 DE
1037 2385 1109 2430 June

458 2478 687 2530 EGGLESIASTICO
709 2479 836 2524 POENALI.

181 2698 184 2704 .
222 2640 245 2700 l.
262 2639 409 2711 Quamvis
421 2639 471 2698 lex
486 2657 524 2699 ex
537 2642 650 2699 natura
660 2657 717 2699 sua
729 2656 791 2700 non
804 2638 888 2699 dicat
901 2636 1111 2698 necessarium

182 2734 361 2810 respectum
380 2732 421 2792 ad
440 2730 569 2809 praemia
584 2731 634 2792 vel
646 2749 755 2809 poenas
776 2731 887 2810 quihus
907 2729 1041 2790 cultores
1062 2728 1114 2789 vel

182 2823 349 2886 violatores
359 2823 583 2900 retribuantur,
596 2826 702 2884 tamen
711 2823 853 2902 inspecta
868 2822 1030 2883 hominum
1039 2838 1111 2882 oon-

184 2914 320 2993 ditione,
344 2916 397 2998 qui
426 2934 480 2995 spe
503 2915 622 2994 praemii
648 2915 697 2976 vel
720 2919 805 2976 metu
820 2932 922 2994 poenae
946 2917 1113 2977 moventur

183 3009 284 3088 magis
298 3028 393 3089 quam
403 3007 525 3070 virtutis
540 3025 658 3084 amore,
673 3008 745 3067 inde
755 3010 791 3068 lit
805 3008 889 3087 quod
906 3007 964 3068 sub
975 3007 1035 3068 hoc
1047 3025 1114 3068 res-

185 3106 278 3182 pectu
301 3103 351 3164 lex
372 3101 546 3164 necessario
571 3100 740 3179 quemdam
764 3119 879 3162 nexum
901 3100 1016 3162 habeat
1042 3117 1114 3160 eum

186 3195 346 3257 sanctione
367 3195 429 3275 legi
444 3193 597 3275 apposita,
615 3212 653 3253 ne
675 3193 821 3256 videlicet
843 3193 868 3253 si
891 3193 942 3252 lex
954 3192 1113 3253 sanctione

187 3290 294 3349 careat
315 3289 425 3350 saltem
452 3287 588 3367 poenali,
608 3287 736 3349 ,inutilis
763 3290 794 3349 et
817 3285 960 3348 inefficax
979 3284 1113 3370 omnino
1182 3350 1185 3355 ,

187 3380 348 3443 reddatur.

229 3475 316 3535 Hane
329 3473 546 3535 necessitatem
556 3472 724 3534 sanctionis
735 3475 902 3550 utrumque
922 3472 987 3534 sive
1011 3476 1114 3534 roma-
