2546 4016
337 271 445 344 nomm
467 295 622 343 arnonus
645 295 728 342 coms
749 295 904 343 curemur.
1028 279 1085 346 {lt

147 440 269 506 latione
278 438 525 502 misericorditec
533 441 877 514 manifestatumouod
882 440 935 521 jus
946 439 1087 503 divinum

146 535 190 598 sit
211 535 284 596 fons
301 533 461 594 canonicae
475 533 753 614 interpretationis,
770 533 887 596 nemini
903 553 972 596 esse
983 537 1088 616 potest

147 626 294 705 dubium,
306 646 391 704 nam,
409 625 434 688 si
458 628 539 689 bene
562 626 752 705 meminerit,
780 629 808 688 l·
823 628 934 708 regula
956 646 975 688 a
996 625 1087 690 nobis

147 720 313 804 proposita
340 720 380 781 ad
394 720 446 802 jus
463 719 746 800 interpretandum,
763 724 831 782 erat
856 721 940 803 quod
964 721 1086 800 legisla-

146 815 226 876 toris
250 813 395 875 voluntas
418 831 579 894 nunquam
601 814 740 875 absurda
755 814 805 874 vel
826 813 924 894 impia
938 814 1085 894 praesumi

146 906 256 988 possit.
272 906 367 986 Atqui
382 906 453 968 talis
474 909 556 968 esset
570 907 595 967 si
617 907 657 966 ab
673 925 711 966 ea
732 923 844 968 norma
863 906 1086 987 praescinderet

148 997 803 1081 quamjusdivinumomnibusproposuit.

187 1096 269 1155 Tota
284 1093 389 1171 potius
405 1092 571 1154 difficultas
587 1096 634 1154 est
648 1092 680 1152 in
694 1092 934 1154 determinando
946 1109 1015 1169 usu,
1031 1110 1085 1154 seu

148 1187 182 1250 in
202 1185 389 1247 definiendis
404 1184 555 1247 limitibus
571 1185 654 1248 iutra
664 1204 742 1266 quos
754 1185 806 1266 jus
824 1185 965 1247 divinum
988 1185 1087 1266 possit

148 1278 313 1358 interpreti
341 1282 528 1358 argumenta
556 1297 726 1358 suggerere
754 1278 795 1338 ad
812 1278 916 1339 varios
940 1277 1086 1339 Ecclesire
1121 1266 1124 1270 ⁵

150 1389 288 1434 canones
326 1370 588 1451 interpretandos.
619 1373 697 1433 Cum
720 1389 795 1432 vero
816 1369 876 1432 hac
901 1371 933 1430 in
962 1388 996 1432 re
1024 1389 1085 1433 non

151 1465 300 1528 eumdem
312 1468 441 1544 prestet
454 1482 546 1525 usum
553 1464 605 1544 jus
621 1464 761 1526 divinum
776 1464 917 1525 naturale
933 1482 970 1524 ac
979 1463 1031 1544 jus
1042 1463 1086 1524 di-

149 1559 261 1620 vinum
288 1557 477 1637 positivum,
508 1557 651 1637 cogimur
678 1556 763 1618 hunc
789 1556 1024 1636 paragraphum
1054 1555 1086 1616 in

148 1653 230 1714 duas
256 1654 362 1730 partes
378 1650 581 1730 distinguere,
604 1669 739 1732 quarum
759 1649 858 1711 altera
876 1648 935 1710 erit
962 1648 1002 1709 de
1027 1665 1085 1708 usu

146 1744 229 1828 juris
241 1743 404 1822 naturalis,
415 1745 514 1806 altera
528 1743 567 1804 de
579 1763 638 1805 usu
649 1743 730 1825 juris
740 1741 869 1804 revelati
881 1742 914 1801 in
924 1759 1086 1804 sacrorum

151 1855 311 1902 canonum
328 1836 596 1918 interpretatione.

228 1993 245 2032 1.
260 1993 292 2032 m
302 1989 409 2040 mlum
418 1989 532 2032 semmua
541 1989 566 2032 ln
579 1999 693 2032 surorum
701 1998 808 2032 menan
818 1989 1009 2041 immutatum·

191 2114 244 2174 111.
268 2113 354 2174 Duas
380 2111 548 2190 habemus,
566 2113 671 2194 quoad
692 2132 784 2174 usum
804 2113 885 2193 juris
913 2111 1081 2187 naturalis,

150 2203 410 2268 contradictorias
440 2208 472 2268 et
500 2205 675 2267 excessivos
698 2205 870 2285 opiniones.
900 2204 1006 2266 Prima
1038 2207 1086 2264 est

150 2316 263 2362 eorum
287 2297 340 2379 qui
358 2295 438 2379 juris
455 2299 607 2360 naturalis
630 2299 761 2360 scientia
786 2298 865 2360 adeo
891 2299 1047 2376 seponunt
1066 2315 1084 2358 a
1204 2347 1206 2352 .

151 2409 316 2454 sacrorum
350 2409 508 2453 canonum
536 2391 719 2471 disciplina,
749 2410 785 2454 ac
819 2391 843 2452 si
878 2390 948 2451 duae
982 2394 1086 2450 essent

150 2484 290 2548 scientiae
314 2481 441 2546 omnino
456 2483 607 2562 adversae,
634 2503 693 2546 nec
714 2503 778 2545 una
792 2483 881 2544 alteri
903 2482 1010 2542 lumen
1034 2481 1084 2542 vel

150 2577 377 2642 adminiculum
395 2578 537 2658 praebere
554 2577 668 2640 valeat.
682 2577 789 2639 Altera
815 2575 941 2636 illorum
961 2577 1010 2635 est
1030 2572 1083 2653 qui

151 2676 240 2735 tento
263 2671 518 2754 jurisprudentia·
533 2671 685 2734 naturalis
705 2669 872 2732 fanatismo
887 2657 1097 2748 abripiuntur

151 2767 188 2828 ut
212 2763 334 2827 nullum
356 2775 420 2828 non
442 2763 572 2828 videant
596 2782 750 2826 canonem
770 2760 938 2838 Ecclesiae,
953 2757 1006 2842 qui
1021 2776 1083 2820 non

152 2857 268 2921 debeat
283 2875 341 2939 ope
356 2857 507 2922 naturalis
514 2857 594 2940 juris
610 2855 821 2938 interpretari.
1102 2933 1104 2939 .

192 2953 291 3013 Porro
317 2957 429 3013 neutra
450 2969 488 3012 ex
501 2951 550 3012 his
568 2951 689 3012 duabus
715 2948 875 3011 sententiis
890 2947 965 3008 satis
990 2947 1037 3006 eat
1051 2949 1085 3004 ut

150 3043 194 3105 illi
209 3043 406 3106 subscribere
421 3045 586 3123 possimus.
599 3046 678 3104 Nam
692 3043 717 3104 si
735 3043 870 3122 primam
893 3037 1081 3112 tenebimus,

152 3149 215 3199 non
240 3137 412 3215 poterimus
438 3136 594 3216 explicare
620 3155 658 3197 ea
689 3135 794 3197 omnia
822 3150 892 3212 quae
922 3149 961 3190 ex
984 3128 1085 3189 libera

152 3228 266 3292 Christi
283 3234 339 3292 aut
354 3230 500 3292 Ecclesia
513 3229 707 3291 institutione
729 3225 849 3288 sancita
867 3226 949 3299 sunt,
968 3221 1084 3302 quippe

152 3343 191 3384 ex
203 3321 334 3385 theoriis
349 3322 515 3386 abstractis
528 3322 680 3384 naturalis
691 3319 771 3402 juris
784 3335 945 3398 nunquam
962 3315 1082 3378 desumi

150 3419 293 3496 possunt.
307 3415 339 3478 si
355 3435 430 3478 vero
452 3416 586 3477 alteram,
604 3431 783 3496 sequemur,
796 3429 834 3472 ea
848 3429 912 3473 non
933 3410 1084 3488 interpre-

153 3507 289 3571 tabimus
301 3525 383 3588 qua,
392 3509 466 3572 licat
476 3507 516 3572 ab
526 3508 665 3573 Ecclesia
676 3505 805 3573 definita
818 3505 891 3582 sint,
903 3507 1083 3572 tamennon
