2484 4016
381 310 420 355 nn
441 309 570 356 carrara
590 309 673 356 rums
695 307 850 356 coroner.
1023 275 1082 360 lla

148 453 344 534 primitivam
369 453 512 532 regulam
537 453 718 531 Benedicti,
746 452 868 532 singule
893 455 1083 517 monasteria

150 551 255 608 esseut
281 545 416 607 invicem
436 545 695 627 independentia,
720 549 827 608 tamen
856 565 913 627 per
933 548 1082 609 reforma-

148 641 251 702 tiones
275 639 527 702 cluniacensium
552 643 583 701 et
602 639 842 701 cistercensium
864 639 1079 718 potissimum,

148 734 248 796 abhas
262 733 445 794 monasterii
465 731 613 813 primitivi
627 733 711 811 quod
726 732 844 793 dictum
863 737 910 796 est
923 737 1082 796 monaste-

148 827 231 888 rium
245 829 341 904 caput
355 825 491 903 ordinis,
508 843 571 886 non
586 828 709 886 tantum
724 823 849 886 habitus
869 833 915 887 est
929 829 1080 908 tanquam

150 920 295 1000 superior
316 919 398 980 illius
423 919 589 998 singularis
613 918 766 993 coenobii,
788 918 844 978 sed
868 919 962 981 etiam
986 919 1080 983 totius

151 1011 269 1074 ordinis
284 1011 451 1092 generalia,
467 1013 511 1073 ita
531 1015 566 1073 ut
580 1011 693 1091 singuli
708 1010 838 1072 abbates
852 1012 982 1092 singulis
1002 1030 1080 1092 prae-

151 1108 254 1167 essent
270 1105 479 1182 monasteriis,
499 1104 566 1184 ipse
582 1107 687 1166 autem
701 1122 851 1166 unacum
866 1105 998 1186 collegio
1016 1124 1080 1168 om-

64 1249 67 1254 .
149 1199 236 1260 nium
257 1199 408 1260 abbatum
428 1198 488 1259 sub
504 1217 537 1259 sa
561 1198 744 1274 constituta,
766 1190 915 1260 universo
932 1204 1082 1278 praeesset

149 1292 262 1355 ordini.
461 1300 463 1303 ’

186 1389 217 1446 3⁰
230 1388 394 1465 Apparent
406 1404 463 1464 per
475 1385 556 1446 hanc
570 1385 735 1463 periodum
745 1385 848 1464 prima
857 1385 946 1448 initia
956 1403 1080 1465 examp-

146 1477 239 1540 tionis
254 1478 458 1558 regularium.
479 1481 558 1538 Nam
571 1478 767 1540 antecedenti
783 1479 923 1556 periodo,
940 1479 1080 1541 conside·

146 1571 300 1632 rebantur
314 1572 504 1639 monasteria
518 1576 669 1652 tanquam
684 1571 838 1650 simplices
853 1571 978 1634 familiae
991 1572 1079 1651 spiri-

145 1665 247 1726 tuales
272 1665 330 1726 sub
348 1664 567 1746 jurisdictione
592 1665 762 1726 dioecesani
787 1665 924 1745 episcopi
951 1664 1078 1727 omnino

146 1757 344 1835 constituta,
366 1777 421 1818 seu
442 1777 505 1820 non
529 1758 727 1837 competebat
749 1758 854 1820 abbati
882 1757 1075 1835 monasterii,

145 1849 204 1911 nisi
227 1851 373 1930 quaedam
393 1851 564 1913 auctoritas
586 1851 714 1930 propria
737 1851 1002 1929 patris-familiam
1022 1851 1078 1912 aed

145 1943 231 2023 quod
252 1943 440 2022 respiciebat
461 1943 710 2024 jurisdictionem
735 1948 766 2006 ct
788 1944 948 2024 publicum
962 1945 1078 2024 guber-

143 2035 243 2112 nium,
260 2035 293 2096 id
306 2039 407 2098 totum
422 2035 590 2116 episcopali
611 2037 821 2118 jurisdictioni
842 2037 1073 2100 reservabatur.

143 2131 210 2191 lmo
226 2147 265 2189 ex
286 2147 406 2190 canone
424 2130 459 2190 '4⁰
474 2131 596 2191 concilii
617 2130 896 2208 Chalcedonensis,
914 2133 945 2192 et
958 2131 1077 2192 unifor-

141 2221 236 2282 miter
254 2220 295 2281 ad
317 2221 401 2283 hunc
415 2241 589 2300 canonem,
607 2223 800 2285 lastinianus
816 2224 900 2304 (nov.
921 2228 959 2287 67
973 2229 1004 2286 et
1019 2226 1076 2287 123

142 2313 357 2394 singulariter)
383 2315 510 2395 speciali
534 2317 628 2378 modo
657 2316 895 2377 concrediderat
922 2317 1075 2397 episcopis

143 2423 251 2468 curam
265 2408 505 2486 monachorum,
522 2427 586 2470 non
600 2427 690 2470 secus
701 2426 738 2468 ac
756 2406 952 2471 clericorum.

180 2500 271 2562 Unde
295 2499 435 2579 episcopi
459 2504 611 2581 putarunt
630 2499 774 2561 eamdem
797 2500 1016 2581 auctoritatem
1040 2521 1074 2563 se

143 2592 298 2672 explicare
312 2611 404 2671 posse
419 2593 452 2653 in
466 2593 639 2654 monachos
653 2597 684 2654 et
707 2592 891 2654 eorumdem
915 2593 1071 2672 ecclesias,

143 2703 237 2764 quam
261 2704 356 2766 super
379 2686 509 2747 clericos
524 2690 555 2748 et
579 2686 725 2748 ecclesias
750 2686 953 2748 dioecesanas.
972 2688 1073 2760 Quare

142 2796 204 2838 uon
216 2781 340 2838 tantum
349 2779 553 2843 instituebant
563 2778 694 2840 clericos
705 2779 784 2858 quia
797 2779 893 2840 saoris
903 2783 1074 2860 praeessent

141 2869 172 2930 in
183 2871 411 2934 monachorum
424 2872 574 2950 ecelesiis,
590 2873 645 2933 sed
661 2871 810 2934 etiamad
826 2891 879 2933 eas
890 2872 1073 2936 indicebant

140 2981 230 3024 sacra
244 2965 406 3042 solemnia,
420 2983 490 3045 quac
501 2966 673 3026 maximum
685 2964 792 3045 populi
805 2984 992 3027 concursum
1002 2985 1073 3045 pro·

139 3055 310 3134 vocabant,
328 3077 400 3118 cum
426 3058 612 3120 detrimento
638 3058 751 3137 quietis
766 3059 958 3120 manasterii.
980 3061 1070 3138 Item,

139 3167 195 3227 pro
216 3169 272 3211 suo
297 3149 400 3226 libito,
426 3151 598 3212 monachos
617 3152 794 3214 avocabant
817 3153 1069 3231 anapestum,

139 3241 323 3322 irrequisitis
334 3243 511 3321 abbatibus
522 3250 557 3304 ut
569 3263 623 3306 eos
636 3244 795 3306 clericatui
805 3244 976 3325 initiarent,
987 3247 1071 3326 quod

138 3333 232 3396 etiam
247 3335 381 3396 cedebat
395 3336 426 3396 in
438 3335 589 3398 damnum
598 3338 780 3400 monasticae
796 3337 979 3418 disciplina.
992 3341 1071 3400 Item

138 3428 297 3506 peculium
309 3430 538 3492 monachorum
550 3430 608 3509 ipsi
620 3431 892 3510 administrabant,
901 3433 934 3492 in
947 3432 1070 3512 dispan-

140 3520 190 3582 dio
205 3521 435 3584 monachorum
447 3524 598 3603 ipsorum.
