2512 4012
163 233 221 301 lle
374 245 603 295 marirorronss
623 245 706 296 annis
728 243 881 296 canorum.

163 391 390 474 gubernatores
402 388 536 468 postoris
551 387 677 452 nomine
692 388 882 450 decorantur
892 388 966 468 squi
981 402 1099 470 nempe

161 484 257 548 totius
271 481 376 562 gregis
390 481 435 542 sio
446 499 555 542 curam
567 482 720 543 sustinent
734 484 770 543 ut
780 481 975 562 singularum
988 482 1097 545 ovium

163 575 400 640 necessitatibus
413 574 580 655 providere
591 593 654 638 non
670 574 761 638 omitt
803 578 826 638 t.

202 668 265 732 Sed
273 667 977 750 objectumpotestatisordinispotestquidem,
988 669 1095 747 quoad

161 765 323 824 externam
346 761 490 840 formam,
508 761 673 842 cujuslibet
698 759 857 840 religionis
880 759 991 823 ritibus
1006 779 1094 822 com-

161 854 277 935 parari.
303 855 335 917 Si
355 873 430 916 vero
451 854 560 916 intime
578 854 792 916 consideretur
806 854 839 915 in
854 867 912 916 sua
931 854 1090 932 efficacia,
1190 903 1210 916 .,
1250 849 1251 904 i

163 948 239 1030 quid
255 947 329 1010 dicit
344 946 470 1010 omnino
490 947 728 1026 supernaturale
746 947 832 1027 quod
847 965 972 1008 omnem
986 947 1093 1008 simili-

61 1088 66 1102 .
163 1041 305 1106 tudinem
326 1041 502 1102 naturalem
521 1038 741 1117 transcendit,
768 1039 913 1120 viresque
939 1039 1093 1101 humanas

163 1135 247 1196 omni
272 1135 412 1212 exparte
427 1137 602 1211 exsuperat.
620 1135 666 1194 lix
681 1150 742 1214 quo
764 1131 892 1212 quidem
906 1133 1094 1194 fundamen-

162 1227 217 1290 tali
251 1225 429 1288 discrimine
465 1227 570 1306 plures
600 1228 772 1287 nascuntur
800 1225 983 1287 differentiae
1010 1226 1093 1288 inter
1250 1221 1251 1240 *

164 1324 329 1401 utramque
341 1321 539 1398 potestatem.

202 1416 254 1476 III.
279 1415 308 1474 1·
328 1415 467 1494 potestas
484 1411 710 1492 jurisdictionis
735 1411 867 1492 simplici
892 1411 1094 1492 deputatione
1130 1461 1134 1472 .

164 1507 206 1571 ad
218 1505 345 1587 aliquod
358 1505 495 1567 officium
508 1506 558 1568 vel
568 1509 673 1568 actum
683 1506 894 1567 exercendum
908 1505 1091 1586 acquiritur.

163 1601 327 1664 Naturales
348 1599 432 1660 euim
446 1597 577 1681 subjecti
602 1599 691 1660 dotes
713 1599 754 1658 ad
773 1598 949 1678 regendum
963 1605 1095 1678 possunt

164 1713 231 1756 esse
252 1695 291 1755 de
306 1712 338 1755 se
354 1692 619 1772 proportionatae,
636 1709 694 1752 neo
716 1691 835 1772 aliquid
855 1691 1021 1771 requirunt
1035 1693 1093 1754 nisi

162 1787 335 1867 legitimam
348 1786 539 1863 missionem,
557 1788 593 1848 ut
599 1783 775 1866 jurisdictio
789 1788 981 1848 exerceatur.
1002 1785 1052 1848 Sin
1063 1790 1096 1848 et

162 1881 286 1942 incivili
300 1877 461 1958 republica
470 1872 700 1957 inaugurantur
711 1878 927 1957 magistratus.

201 1975 342 2034 Potestas
354 1975 459 2033 autem
477 1971 595 2032 ordinis
610 1989 672 2033 non
690 1971 862 2051 acquiritur
882 1971 940 2033 nisi
957 1971 1094 2052 quadam

163 2065 290 2146 speciali
300 2063 552 2144 inauguratione,
561 2064 1014 2144 quaeordinationunoupatur,
1023 2083 1096 2127 con·

162 2159 303 2240 sistitque
320 2159 352 2218 in
365 2158 502 2238 quodam
516 2157 578 2219 ritu
592 2158 822 2237 supernaturali
837 2176 895 2237 per
912 2177 1007 2238 quem
1020 2158 1094 2220 cha-

163 2255 266 2313 racter
276 2249 442 2311 indelibilis
456 2250 489 2310 in
502 2250 607 2311 anima
617 2250 749 2332 subjecti
763 2251 964 2330 imprimitur,
979 2251 1019 2312 ad
1034 2251 1096 2313 hoc

164 2347 199 2406 ut
212 2361 269 2422 per
281 2342 434 2423 ejusmodi
449 2342 528 2415 ritus
545 2343 694 2405 virtutem
707 2343 840 2406 aliorum
859 2343 1096 2406 sanctificationi

164 2436 371 2518 procuranda
391 2436 523 2498 idoneus
546 2437 709 2498 efficiatur.
728 2437 863 2499 Proinde
882 2437 944 2498 alia
959 2437 1098 2516 exsurgit

164 2531 245 2592 inter
259 2529 358 2592 dictas
374 2532 544 2608 potestates
559 2529 746 2608 differentia.

204 2627 234 2685 2·
254 2627 391 2702 potestas
414 2622 640 2703 jurisdictionis
665 2627 712 2686 est
742 2623 949 2685 essentialiter
970 2624 1096 2702 delega-

163 2716 245 2792 bilis,
264 2735 319 2776 seu
334 2715 434 2793 alteri,
449 2714 565 2776 vicario
581 2717 718 2793 nomine,
735 2715 875 2796 gerenda
890 2719 994 2795 potest
1009 2735 1096 2778 oom-

165 2807 255 2870 mitti.
271 2807 403 2870 Omnino
420 2807 545 2869 diversa
559 2808 694 2870 habetur
708 2810 788 2871 ratio
811 2810 850 2870 de
870 2812 1024 2888 potestate
1043 2827 1096 2871 or-

166 2900 274 2976 dinis,
304 2898 459 2978 siquidem
490 2918 547 2978 per
580 2902 754 2980 simplicem
783 2902 1013 2982 delegationem
1044 2903 1094 2964 vel

165 2993 349 3054 mandatum
366 2991 551 3055 intrinsecus
571 2994 749 3056 mandantis
768 2995 932 3058 character
955 2995 987 3057 in
1005 3014 1097 3056 man-

166 3087 322 3150 datarium
336 3085 497 3148 transferri
511 3105 574 3149 non
594 3088 693 3165 valet,
711 3105 769 3150 nec
784 3088 843 3150 hec
862 3089 983 3150 rationo
1005 3088 1094 3150 alteri

166 3179 309 3259 delegato
318 3179 467 3258 competit
478 3179 547 3259 ipsa
556 3184 722 3260 potestate.

206 3274 236 3332 3⁵
256 3274 394 3350 potestas
410 3272 636 3354 jurisdictionis
659 3278 714 3336 sut
735 3274 961 3338 imminutionis
979 3278 1034 3338 aut
1050 3275 1095 3336 in-

166 3369 263 3444 tegrae
278 3364 459 3428 cessationis
479 3370 526 3429 est
547 3386 657 3448 capax.
674 3371 753 3429 Nam
768 3386 865 3449 quum
876 3371 944 3431 tota
960 3368 1097 3448 pendeat
1196 3412 1202 3424 .

168 3477 206 3519 ex
220 3455 368 3519 mandato
383 3459 433 3519 vol
457 3460 626 3539 missione,
643 3462 727 3542 quod
739 3460 830 3542 juxta
852 3464 955 3525 certos
980 3461 1096 3526 limites·
