2546 4016
174 289 231 352 l3t
382 299 610 349 rnsnmrrouns
631 299 713 347 runis
736 297 889 346 canorum.

402 520 553 590 CAPUT
577 517 872 590 PROOEMIALE.

203 726 250 776 DE
273 725 415 776 NATURA
438 725 481 774 Er
505 722 698 776 SPEGIEBUS
722 719 1075 772 INTERPRETATIONIS.

213 895 236 954 Ι.
261 892 479 971 Interpretatio
501 891 673 971 generatim
696 889 853 970 loquendo
871 888 985 950 dicitur
1001 888 1108 950 veriet

172 987 292 1066 genuini
303 1005 400 1047 sensus
408 985 533 1066 alicujus
541 984 681 1044 semeonis
692 982 886 1062 investigatio
895 982 986 1044 Unde
998 981 1107 1060 legum

173 1079 388 1158 interpretatio
409 1067 485 1137 nihil
498 1077 582 1138 aliud
597 1081 643 1138 est
661 1077 719 1138 nisi
733 1077 804 1156 legis
816 1075 943 1136 obscurae
956 1075 1003 1136 ael
1015 1074 1107 1134 ombi-

172 1191 239 1252 pooe
259 1171 450 1251 explanatio:
470 1191 484 1226 o
500 1170 573 1249 quia
598 1173 688 1231 erant
715 1169 814 1230 multa
837 1169 981 1245 obscura,
1006 1167 1108 1228 multa

99 1293 101 1296 ·
175 1265 334 1343 ambigua,
356 1263 583 1326 declarationes
605 1263 754 1324 adhibitae
770 1265 842 1324 sunt
856 1261 1072 1340 interpretum,
1087 1282 1103 1318 n

175 1358 219 1420 ait
233 1357 362 1418 Tullius.

214 1449 431 1529 interpretatio
443 1449 653 1530 distinguitur,
668 1453 735 1511 tum
745 1467 802 1527 pro
813 1448 963 1510 varietate
974 1446 1106 1527 subject'

176 1544 259 1606 unde
274 1543 425 1623 procedit,
445 1546 512 1604 tum
526 1563 583 1623 pro
599 1543 749 1605 varietate
762 1542 846 1603 modi
858 1561 919 1622 quo
933 1540 1105 1621 peragitur.

218 1638 400 1718 Suhjectum
421 1637 504 1697 unde
526 1637 669 1716 procedit
689 1636 902 1714 interpretatio
918 1638 1020 1714 potest
1039 1651 1108 1694 esse

180 1731 230 1814 vel
249 1731 412 1810 legislator
435 1729 512 1808 ipse,
537 1750 591 1791 seu
606 1730 688 1790 illius
707 1747 878 1806 successor,
895 1728 945 1790 vel
955 1727 1052 1808 judex
1075 1727 1108 1787 in

178 1824 336 1886 sententia
361 1823 502 1900 ferenda,
525 1824 576 1883 vel
600 1823 740 1883 eruditus
764 1825 818 1882 aut
835 1821 914 1902 juris
939 1821 1048 1882 doctor
1073 1823 1109 1880 ut

178 1917 291 1978 studiis
307 1915 370 1975 suis
384 1914 555 1992 incumbat,
572 1916 667 1976 velut
678 1915 716 1975 de
728 1913 965 1994 jureconsultus
977 1931 1108 1992 respon-

178 2009 262 2070 deat.
291 2006 468 2087 Legislator
492 2026 567 2069 vero
596 2007 685 2069 sicuti
710 2007 874 2086 dupliciter
899 2011 1001 2086 potest
1020 2007 1108 2086 leges

178 2102 272 2179 ferre,
287 2119 401 2182 nempe
412 2101 462 2162 vel
474 2102 561 2180 leges
571 2102 688 2162 directe
698 2101 927 2180 promulgando
941 2100 991 2160 vel
1000 2101 1107 2160 induc·

177 2199 226 2256 tos
253 2194 361 2274 populi
383 2213 487 2255 mores
513 2195 729 2274 approbando,
755 2193 799 2256 sic
821 2193 985 2272 dupliciter
1012 2193 1107 2254 ctiam

176 2291 283 2367 potest
316 2287 403 2366 leges
432 2306 508 2349 ase
540 2288 639 2349 editas
663 2287 882 2367 interpretari,
913 2305 1025 2365 nempe
1057 2287 1108 2348 vel

179 2399 327 2459 expresse
338 2381 567 2442 manifestando
577 2383 716 2442 mentem
725 2398 825 2457 suam,
835 2381 885 2440 vel
894 2380 986 2440 tacite
998 2398 1109 2458 appro-

177 2473 284 2535 bando
299 2474 389 2534 illum
402 2475 481 2554 legis
494 2475 686 2536 intellectum
704 2474 756 2553 qui
770 2473 910 2534 moribus
924 2473 1066 2534 invaluit.

219 2567 252 2629 Si
268 2567 429 2647 legislator
450 2569 500 2628 vel
519 2586 575 2646 per
587 2586 620 2628 se
634 2568 684 2628 vel
699 2586 756 2646 per
769 2566 847 2627 alios
865 2585 1009 2646 expresse
1022 2566 1109 2646 leges

178 2661 409 2740 interpretetur,
426 2659 642 2738 interpretatio
655 2659 723 2720 haec
734 2659 766 2719 in
780 2659 849 2739 jure
862 2658 977 2722 dicitur
990 2658 1109 2719 cuthea-

179 2755 247 2828 tiea,
272 2771 342 2832 quae
366 2753 430 2814 vim
452 2751 530 2832 legis
549 2753 656 2830 hahet,
678 2770 740 2812 non
765 2770 854 2813 secus
873 2771 909 2813 ac
930 2753 981 2813 lex
1000 2751 1109 2813 illaad

179 2864 274 2926 quam
309 2846 495 2906 naturaliter
528 2845 766 2925 retrograditur.
793 2845 824 2907 Si
847 2865 922 2908 vero
949 2845 1110 2925 legislator

178 2943 316 3000 mentem
331 2931 421 3001 suam
435 2939 567 3017 aperiat,
585 2959 639 3000 seu
654 2939 757 3018 legem
771 2958 790 2999 a
803 2958 835 3000 se
849 2939 946 3000 latam
960 2939 1109 3019 interpre-

180 3037 262 3094 tetur
285 3052 344 3111 per
364 3033 471 3112 populi
495 3032 770 3109 consuetudinem,
798 3035 872 3092 tunc
895 3030 1109 3110 interpretatio

179 3126 292 3188 dicitur
305 3126 424 3202 usualis,
438 3144 537 3204 eaque
551 3125 614 3187 vim
629 3125 707 3206 legis
717 3125 813 3186 hahet
823 3144 885 3186 non
897 3144 987 3186 secus
1004 3143 1041 3185 ac
1052 3143 1111 3184 au-

179 3218 318 3280 thentica
348 3219 563 3298 interpretatio
595 3218 794 3299 legislatoris,
819 3219 973 3299 siquidem
1000 3218 1110 3298 optines

179 3309 274 3390 legum
300 3312 443 3392 interpres
458 3321 499 3373 est
522 3310 704 3389 cemoeterio,
727 3311 771 3372 uti
791 3312 944 3372 habemus
968 3312 999 3372 in
1015 3313 1106 3389 Gorp.

177 3403 257 3486 juris
273 3404 352 3484 (cap.
364 3404 506 3481 Dilectus,
523 3406 561 3465 de
577 3405 824 3484 consuetudine).

221 3497 283 3562 Sed
298 3500 329 3558 ct
340 3495 438 3580 judex
450 3498 592 3578 potestin
607 3497 760 3560 sententia
772 3497 901 3560 ferenda
908 3496 960 3580 jus
971 3498 1108 3580 allegare
