2514 4014
371 243 482 290 nomon
506 243 657 289 sonemus
678 243 761 290 rums
783 243 939 292 cenorum.
1080 231 1118 294 65

221 391 277 450 5⁰¹³
292 390 363 450 Gor.
384 386 538 468 Objcctum
552 387 665 448 mnam
675 392 754 448 circa
770 388 850 468 quad
858 387 1026 470 hujusmodi
1028 399 1120 470 pacta

179 502 230 543 seu
245 481 445 542 conventiones
460 489 624 555 versantur,
640 480 751 561 duplas
760 488 859 561 potest
872 482 1025 562 distinqui.
1038 483 1119 544 Alte-

180 595 247 634 rum
261 593 365 654 nempe
374 573 568 653 primarium,
586 573 797 649 immediatum,
817 574 959 636 directum
967 594 980 650 ;
994 575 1119 636 alterum

179 687 247 728 uero
261 666 477 740 secundarium,
493 666 662 740 mediatum,
679 667 863 728 indirectum.

220 760 389 841 Objectum
410 758 504 838 hujus
524 759 677 838 pactionis
701 759 918 822 immediatum
938 762 1064 824 fuerunt
1083 763 1118 823 li·

179 853 272 913 mites
295 851 460 930 utriusque
484 851 690 928 auctoritate,
713 852 827 914 limites
856 873 968 933 nempe
995 875 1058 916 non
1085 855 1116 915 in

178 947 350 1021 abstracto,
367 945 477 1023 quales
488 944 560 1024 jure
577 944 645 1023 ipso
666 945 772 1006 divino
796 946 1011 1008 determinata
1031 952 1114 1024 sunt,

178 1039 236 1100 sed
256 1037 371 1098 limites
390 1037 422 1096 in
441 1039 586 1098 concrete
607 1041 638 1098 et
657 1037 696 1098 de
714 1037 808 1114 facto,
826 1038 879 1117 qui
901 1059 1013 1117 nempe
1033 1040 1117 1100 dice-

178 1135 250 1192 rent
274 1148 439 1210 quousque
462 1129 502 1189 de
528 1129 610 1190 facto
631 1130 801 1191 aucteritas
814 1131 934 1192 Summi
958 1131 1116 1193 Pontificis

177 1227 380 1284 exerceretur
396 1241 454 1301 pro
472 1223 673 1283 moderandis
684 1223 777 1284 rebus
791 1224 997 1303 peculiarium
1011 1226 1115 1286 llccle·

177 1317 298 1378 siarum
320 1315 454 1394 alicujus
483 1315 572 1393 regni
595 1315 646 1376 vel
665 1315 799 1377 nationis
822 1335 860 1376 ex
879 1336 943 1378 una
959 1323 1062 1396 parte,
1085 1322 1117 1380 et

178 1427 343 1490 quousque
359 1407 528 1469 auctoritas
542 1407 691 1487 principis
701 1409 958 1488 exalteraparte‚
974 1411 1013 1471 de
1028 1429 1114 1472 man-

177 1503 251 1563 dato
274 1501 495 1562 ecclesiasticae
513 1500 723 1577 auctoritatis,
740 1502 835 1562 rebus
853 1503 1065 1581 spiritualibus
1081 1521 1114 1562 se

177 1597 285 1676 posset
298 1594 488 1654 immiscere.

217 1688 307 1760 Quod
323 1691 430 1748 autem
444 1687 528 1747 istud
543 1690 828 1765 temperamentum
845 1686 982 1748 exercitii
994 1686 1113 1766 jurium

176 1781 459 1842 ecclesiasticorum
475 1779 661 1840 naturaliter
672 1779 830 1840 redundet
846 1780 877 1838 in
893 1782 1009 1841 statum
1023 1779 1113 1840 disci-

119 1941 122 1945 ·
175 1874 332 1954 plinarem
351 1873 476 1933 illarum
493 1871 705 1935 Ecclesiarum
725 1891 795 1953 quae
815 1873 915 1934 inille
938 1875 987 1934 vel
1001 1873 1033 1934 in
1052 1872 1112 1933 hoc

175 1986 274 2047 regno
294 1965 504 2042 continentur,
522 1965 595 2025 iude
612 1969 659 2026 est
680 1967 765 2046 quad
788 1969 887 2028 status
904 1965 1111 2046 disciplinaris

176 2058 626 2138 peculiariumncclesiarum,
644 2077 700 2120 seu
716 2059 935 2120 determinatio
952 2060 1033 2119 illius
1048 2063 1112 2119 sta-

175 2156 226 2213 tus
244 2151 427 2230 singulare,
452 2148 610 2230 objectum
628 2151 850 2213 secundarium
869 2151 1029 2214 constituit
1052 2151 1110 2210 hu-

171 2245 312 2326 jusmodi
328 2243 520 2323 pactionum.

216 2340 296 2400 Vlll.
321 2339 404 2416 Erga
423 2337 491 2417 jam
509 2336 661 2397 habemus
684 2337 873 2415 completam
887 2339 1041 2399 rationem
1054 2357 1109 2399 seu

175 2431 407 2509 descriptionen
432 2429 693 2490 concordatorum
719 2449 788 2509 quae
815 2431 859 2490 sic
886 2431 1007 2491 definiri
1037 2449 1110 2509 pos-

174 2527 267 2584 sunt:

214 2616 363 2676 Selemnos
375 2614 522 2694 pactiones
534 2613 569 2675 dc
582 2614 725 2675 limitibus
738 2615 923 2675 auctoritatis
929 2616 1008 2676 inter
1021 2616 1109 2676 Sum-

174 2729 253 2768 mam
288 2707 465 2789 Pontificem
498 2715 527 2768 et
560 2707 712 2788 principes
746 2708 887 2768 seculares
920 2707 1019 2784 inita,
1048 2729 1107 2790 pra

174 2799 369 2862 moderamine
383 2808 475 2861 status
489 2800 686 2880 disciplinaris
696 2801 893 2881 peculiarium
907 2801 1108 2864 Ecclesiarum

174 2895 301 2976 alicujus
327 2893 414 2974 repni
426 2894 481 2954 >uel
499 2893 642 2968 patienia,
661 2893 702 2954 ad
716 2913 820 2974 pacem
845 2896 1039 2975 reparandam
1062 2897 1109 2957 uei

173 2989 344 3050 sanandam
367 2988 446 3047 inter
465 2985 657 3047 smerdotium
677 2995 706 3048 et
731 3007 861 3068 repnum.
885 2991 931 3049 Ita
948 2989 1107 3050 declarata

175 3082 439 3143 concordatorum
453 3083 578 3156 natura,
595 3099 678 3142 nuno
693 3081 731 3141 de
744 3081 869 3141 illorum
883 3080 1000 3142 valore.

211 3177 264 3236 lx.
279 3179 308 3234 2⁰
320 3173 365 3234 De
379 3173 477 3234 valore
488 3172 736 3235 concertatorum.
755 3175 851 3237 Valor
864 3174 1047 3238 immediatus
1060 3183 1106 3240 est

173 3268 261 3329 valor
281 3266 365 3346 pacti
389 3284 444 3326 seu
469 3269 662 3340 contractus;
689 3266 832 3326 mediatae
855 3286 929 3329 vero
952 3273 998 3332 est
1016 3273 1105 3334 valor

172 3361 275 3441 legis:

214 3456 243 3516 1ο
259 3454 336 3514 Cum
351 3451 447 3530 igitur
461 3452 685 3514 concordatum
698 3453 852 3532 pertineat
863 3456 903 3538 ad
914 3475 1013 3535 genus
1029 3475 1102 3534 paa-

234 3575 236 3580 .
460 3559 464 3570 ·
966 3561 997 3614 4*
