2512 4012
181 273 238 338 2⁴8
389 288 619 336 rusurrorrouas
639 290 723 337 roms
745 288 899 336 canonici.

181 433 249 494 aliae
263 431 412 509 ecclesia,
428 451 483 492 seu
496 431 548 492 alii
562 433 643 494 tituli
658 432 846 509 secundarii,
863 432 964 512 primo
980 433 1122 510 ruraleS,

181 526 293 586 deinde
307 524 515 602 civitatenses
529 526 624 587 erecti
638 530 720 604 sunt,
734 526 847 606 quihus
857 526 986 605 singulis
997 526 1124 588 addicti

180 621 253 680 sunt
267 617 520 695 clerici,—illius
539 621 667 698 propria
679 623 897 680 remanserunt
911 619 1035 699 collegii
1051 623 1124 681 tan-

182 717 260 788 tum,
278 711 362 791 quod
377 711 551 772 cathedrali
565 713 703 774 ecclesiae
721 712 881 774 addictum
901 716 978 788 erat,
1004 713 1037 773 id
1062 716 1123 788 cst,

183 823 279 884 penes
294 805 460 884 collegium
474 805 551 865 illud
561 806 755 883 primitivum
767 825 804 865 ex
817 823 878 884 quo
892 805 996 867 cateri
1012 805 1123 866 clerici

184 897 282 958 avulsi
298 899 380 973 sunt,
395 901 430 958 ut
443 915 556 976 nempe
571 897 770 960 inferioribus
785 897 1006 958 addicerentur
1018 899 1124 960 eccle·
1226 883 1227 926 i

183 989 246 1051 siis

221 1086 295 1143 Haec
310 1085 415 1143 autem
428 1082 592 1161 disciplina
611 1083 763 1164 majorem
780 1084 873 1145 etiam
895 1084 1017 1162 accepit
1036 1085 1119 1162 vim,
1226 1089 1227 1172 l

180 1177 210 1236 in
220 1175 348 1254 diesque
357 1176 542 1236 confirmata
553 1179 609 1253 est,
618 1176 735 1238 ohvitae
743 1176 1118 1253 communisinstitutum‚
1226 1173 1227 1192 ¹

181 1267 265 1349 quod
277 1267 345 1348 jam
359 1270 468 1328 tunca
491 1287 554 1329 sec.
581 1271 620 1329 V⁰
643 1269 739 1348 recipi
762 1271 857 1348 coepit
881 1269 962 1330 inter
987 1269 1121 1330 clericos

181 1362 386 1422 dioecesanos.
404 1362 549 1423 Instituta
563 1362 678 1441 quippe
702 1362 783 1423 inter
807 1363 935 1423 clericos
955 1362 1016 1422 hac
1039 1363 1117 1439 vita,

182 1458 218 1516 ut
232 1453 342 1515 eodem
357 1453 453 1530 victu,
475 1454 586 1514 eadem
604 1454 808 1532 habitatione,
826 1455 998 1533 eademque
1018 1453 1120 1514 admi-
1226 1489 1227 1498 2

184 1546 365 1608 nistratione
382 1546 414 1606 in
427 1545 584 1608 communi
597 1551 770 1624 uterentur,
783 1566 874 1609 nemo
890 1565 953 1608 uon
966 1546 1054 1608 videt
1064 1565 1119 1608 ecs

181 1639 292 1719 majori
304 1639 515 1699 familiaritate
531 1640 644 1700 arctari
655 1640 792 1718 potuisse
805 1659 877 1700 cum
887 1640 1041 1718 episcopis
1058 1640 1119 1700 cle·
1226 1651 1227 1670 ¹

185 1732 265 1793 riccs
276 1732 330 1812 qui
343 1731 482 1792 ecclesia
505 1731 676 1792 cathedrali
692 1732 809 1793 addicti
824 1738 913 1793 erant
926 1733 981 1792 uhi
1000 1731 1120 1792 reside-
1226 1719 1227 1790 s

184 1826 239 1885 bat
253 1826 434 1903 episcopus3
457 1825 501 1884 ita
516 1828 546 1886 et
562 1823 634 1905 jura
648 1825 701 1885 illa
720 1826 875 1905 adquisita
895 1829 1021 1886 senatus
1039 1826 1121 1904 epis·
1226 1833 1227 1912 g

185 1917 302 1997 copalis
326 1916 455 1996 collegio
479 1917 530 1978 isti
549 1917 733 1979 clericorum
756 1918 943 1979 cathedralis
964 1917 1115 1994 ecclesiae,
1226 1953 1227 1998 3

181 2007 421 2090 perinstitutum
433 2009 505 2070 vitae
521 2010 705 2086 communis
714 2010 745 2070 in
759 2009 824 2070 dies
838 2010 938 2090 magis
950 2009 1116 2088 magisque

183 2103 366 2163 confirmata
379 2106 461 2162 sunt.
1226 2105 1227 2180 J

222 2197 259 2255 X.
278 2193 340 2256 Sed
362 2193 413 2253 alii
429 2195 543 2272 clerici,
563 2195 616 2274 qui
632 2197 724 2275 longe
739 2197 886 2257 vivebant
900 2215 920 2257 a
941 2195 1113 2258 cathedrali
1226 2259 1227 2286 3

183 2286 325 2363 ecclesia,
341 2286 459 2364 stipsi,
477 2287 517 2347 ad
529 2289 669 2365 priorum
684 2288 900 2366 imitationem,
917 2289 1014 2350 vitam
1029 2306 1114 2348 com·
1226 2299 1227 2370 j

181 2373 309 2441 munem
321 2379 403 2442 inter
414 2398 446 2440 se
457 2379 555 2458 recipi
567 2385 765 2442 curaverunt.
778 2382 868 2443 Unde
882 2384 996 2461 praeter
1008 2381 1113 2461 hujus
1226 2413 1227 2416 κ

181 2473 267 2534 modi
283 2473 448 2553 collegium
462 2473 646 2534 clericorum
659 2474 797 2534 ecclesia
813 2473 1011 2550 cathedralia,
1030 2473 1113 2552 quod
1226 2529 1227 2552 p

182 2572 250 2627 crat
264 2571 390 2628 senatus
402 2567 596 2644 episcopalia,
615 2567 721 2627 atalia
737 2567 778 2626 ad
797 2567 896 2627 instar
906 2566 989 2627 illius
1003 2584 1113 2627 secun·
1226 2563 1227 2624 l

182 2661 271 2721 daria
299 2659 429 2737 collegia
456 2659 583 2720 fuerunt
605 2659 764 2726 instituta:
791 2666 822 2720 et
848 2659 1112 2740 quemadmodum

183 2752 348 2831 collegium
362 2750 438 2811 illud
453 2751 645 2828 primitivum
668 2752 785 2814 dictum
805 2753 863 2813 fuit
883 2752 1055 2832 capitulum,
1071 2751 1113 2812 ita
1226 2783 1227 2794 κ

183 2851 214 2906 et
226 2844 294 2904 haec
306 2842 492 2904 secundaria
504 2844 641 2922 capitula
654 2845 738 2905 dicta
748 2850 829 2906 sunt.

224 2937 286 2998 Sed
306 2934 398 3012 illud,
423 2941 459 2995 ut
479 2954 499 2995 a
522 2937 642 2997 caeteris
662 2938 925 3016 distingueretur,
943 2937 1113 3016 capitulum
1226 2959 1227 3002 1

183 3030 301 3090 dictum
314 3031 361 3088 est
372 3028 574 3088 canonicorum
589 3030 728 3091 ecclesiae
744 3029 945 3105 cathedralis,
965 3031 1015 3090 vel
1031 3030 1113 3108 capi-
1226 3019 1227 3030 ³

182 3122 283 3183 tulum
293 3122 549 3182 antonomastice.
563 3125 636 3183 Haeo
647 3127 751 3184 autem
766 3124 902 3201 capitula
911 3123 1112 3183 ecclesiarum
1226 3133 1227 3184 l

183 3215 436 3277 conventualium
455 3233 510 3275 seu
531 3215 766 3294 collegiatarum
789 3216 964 3277 dictasunt
985 3215 1113 3296 capitula
1226 3209 1227 3236 ³

182 3309 429 3481 COlll'etiiiiaduum
445 3403 582 3482 capitula
593 3421 656 3463 non
668 3402 730 3464 sint
744 3403 804 3463 nisi
818 3401 963 3482 quadam
984 3399 1113 3480 collegia

184 3494 340 3556 clericalia
367 3498 532 3557 senatuum
556 3495 655 3555 instar
677 3495 829 3570 instituta,
855 3497 981 3556 senatus
1009 3497 1113 3554 autem
1226 3553 1227 3568 p
