2512 4012
199 269 260 332 m
410 283 638 332 Iasrlrurloaus
657 283 740 331 suala
762 283 916 331 acroama

200 428 345 490 omnibus
367 433 414 488 est
428 428 797 508 episcopissuperior‚—
807 429 951 490 omnihus
968 430 1038 491 aliis
1050 431 1143 510 capi·

199 522 271 584 tulis
283 539 446 598 superesse
459 520 621 599 dignitate,
636 524 787 599 tanquam
800 521 877 582 illud
888 523 972 601 quod
986 524 1020 584 in
1035 525 1142 586 admi-

199 613 415 676 nistraiionem
445 612 599 676 universa
632 613 779 676 Ecclesiae
807 615 944 694 aliquem
977 617 1142 680 influxum

200 725 345 768 exercere
359 713 474 785 posset.

239 802 291 861 XI.
314 799 360 860 De
380 799 499 879 callepio
519 798 724 862 cardinalium.
750 799 839 871 Quod
855 818 929 880 crgo
956 802 988 862 in
1011 806 1142 866 aaeieris
1225 841 1226 846 κ

199 894 349 969 ecclesiia,
366 892 399 953 id
415 893 509 954 etiam
528 893 560 952 in
578 895 667 953 Rom.
686 892 816 956 dioecesi
828 899 990 971 receptum
1005 897 1083 974 fuit,
1103 902 1141 960 ut

198 986 434 1066 presbyterium.
456 1003 569 1064 nempe
599 986 782 1048 clericorum
808 987 964 1067 maJ'orum
986 989 1140 1050 dioecesis

198 1079 401 1140 constitueret
413 1085 556 1141 senatum
567 1081 771 1156 ordinarium,
788 1081 876 1161 cujus
888 1100 946 1160 ope
957 1085 989 1142 et
1001 1083 1138 1144 consilio

198 1173 362 1250 episcopus
390 1172 554 1232 ecclesiam
580 1173 640 1234 sibi
668 1173 865 1236 commissam
886 1174 1136 1238 administraret.

198 1265 260 1327 Sed
283 1264 315 1324 in
332 1264 392 1325 hoc
413 1265 471 1326 suit
490 1264 676 1342 differentia,
694 1266 778 1344 quod
801 1266 833 1326 in
855 1265 922 1326 aliis
942 1267 1138 1328 dioeccsibus

199 1357 322 1438 (erectis
332 1358 531 1434 inferioribus
538 1359 635 1420 titulis
644 1359 767 1437 illisque
779 1357 899 1419 clericis
908 1358 1053 1438 addictis)
1063 1360 1137 1440 jura

197 1457 324 1512 senatus
338 1452 523 1530 episcopalis
541 1452 669 1531 propria
683 1451 765 1512 facta
778 1451 996 1512 fueruntillius
1007 1457 1136 1516 tantum

198 1544 382 1606 clericorum
409 1545 533 1623 collegii
551 1545 636 1624 quod
656 1545 772 1604 mansit
794 1544 933 1606 ecclesiae
957 1545 1136 1608 cathedrali

198 1637 358 1699 addictum
373 1657 379 1698 :
393 1637 499 1700 caetari
513 1637 628 1714 clerici,
643 1655 679 1698 eo
700 1637 767 1714 ipso
778 1637 863 1716 quod
882 1637 922 1697 ab
935 1637 1030 1718 hujus
1044 1640 1135 1701 modi

198 1731 328 1810 collegio
349 1730 491 1793 distracti
506 1735 589 1807 sunt,
608 1730 682 1810 jura
701 1735 827 1792 senatus
848 1730 1034 1809 episcopalis
1051 1733 1132 1793 ami-

197 1829 314 1885 serunt.
324 1825 431 1884 Roma
444 1840 519 1884 vero
530 1823 599 1884 vice
611 1841 703 1884 versa
712 1823 842 1901 contigit
854 1843 860 1884 :
873 1824 985 1884 erectis
997 1824 1038 1885 ab
1054 1827 1133 1887 anti-

197 1918 315 1996 quitata
323 1916 516 1976 secundariis
527 1917 636 1992 titulis,
646 1916 759 1995 quibus
768 1915 1037 1978 incardinatisunt
1045 1937 1132 1996 pres·

196 2009 299 2087 byteri
320 2012 357 2068 ac
379 2008 514 2085 diaconi,
543 2010 709 2088 collegium
732 2008 845 2070 horum
874 2009 1132 2087 presbyterorum

197 2103 463 2182 &sacrorumque
478 2101 686 2162 cardnafium
698 2101 855 2180 primitivo
870 2101 914 2160 illi
934 2102 1134 2180 presbyterio

197 2195 356 2270 successit,
374 2195 414 2255 ad
427 2195 637 2256 exclusionem
648 2195 773 2256 illorum
784 2193 839 2274 qui
851 2193 974 2256 'cadoci
991 2196 1132 2258 ecclesia

197 2287 371 2348 cathedrali
385 2294 613 2348 remanserunt.
635 2287 740 2349 Habiti
760 2293 833 2348 sunt
853 2290 1005 2366 tauquam
1026 2307 1132 2350 roma·

196 2399 309 2442 norum
331 2381 516 2442 clericorum
541 2381 709 2459 principes,
731 2380 846 2459 quippe
866 2381 920 2459 qui
937 2382 1131 2459 primitivum
1225 2381 1226 2394 ¹

196 2473 274 2534 illud
293 2478 555 2552 repraesentarent
569 2473 811 2554 presbyterium,
836 2473 920 2552 quod
938 2473 978 2534 ab
998 2475 1132 2554 antiqui-

196 2572 260 2630 tate
271 2585 333 2628 non
353 2569 408 2628 uni
422 2567 595 2640 cathedrali
604 2566 755 2644 ecelesiae,
767 2565 823 2626 sed
833 2566 928 2626 etiam
937 2567 1131 2628 secundariis

196 2661 294 2723 titulis
307 2661 410 2721 fuerat
423 2660 594 2720 addietum.

237 2753 407 2814 Constabat
419 2751 479 2812 hoc
492 2751 659 2829 collegium
675 2752 705 2812 S.
723 2753 759 2811 R.
776 2752 811 2812 u.
826 2752 1032 2813 cardinalium
1046 2771 1131 2831 pres·
1225 2817 1226 2822 ,

196 2844 315 2924 hyteris
329 2849 361 2904 et
375 2844 514 2904 diaconis
523 2844 751 2906 tantummodo.
764 2847 871 2906 Romae
889 2844 983 2922 enim,
1005 2847 1086 2906 sicut
1101 2851 1132 2906 et

196 2937 361 2998 incaeteris
376 2937 640 3014 dioecesihuS,non
654 2941 722 2999 erat
731 2937 789 2997 nisi
802 2956 883 2998 unus
896 2939 1003 3000 titulus
1013 2939 1131 3017 episco-

196 3029 286 3108 palis,
299 3063 339 3072 -
351 3047 464 3106 nempe
479 3030 610 3090 ecclesia
621 3030 819 3106 cathedralis,
836 3064 877 3074 —
890 3031 941 3091 cui
952 3031 1131 3092 iireardina-

196 3123 290 3182 batur
304 3140 359 3182 seu
376 3129 528 3201 perpetuo
548 3121 751 3184 addicebatur
769 3123 943 3202 episcopus.
959 3125 1130 3202 Propterea
1158 3176 1160 3180 .

197 3215 362 3296 episcopus
374 3235 513 3278 romanae
528 3215 673 3278 Ecclesia
687 3216 853 3276 cardinalis
866 3223 933 3277 erat
947 3235 1040 3296 papa.

239 3309 301 3370 Sed
321 3313 424 3372 tractu
449 3310 609 3389 temporis,
635 3309 745 3369 saltem
766 3327 784 3368 a
807 3309 911 3370 seculo
927 3311 983 3387 XI,
1001 3309 1127 3389 quidam

198 3403 337 3482 episcopi
350 3404 382 3461 in
398 3403 576 3482 hujusmodi
595 3401 760 3480 collegium
773 3401 890 3482 recepti
903 3407 986 3480 sunt,
1007 3409 1126 3482 septem

197 3505 311 3572 nempe
326 3494 463 3571 episcopi
481 3511 619 3555 romana
639 3493 782 3554 dioecesis
799 3494 947 3554 finitimi:
964 3495 1123 3570 Ostiensis,
